3052 4972
497 346 499 351 '
541 370 690 425 vanarn
708 371 842 427 usuris
861 371 912 426 nu
1233 378 1297 442 393

221 538 363 628 (quando
388 536 474 601 aliud
496 534 577 600 mihi
600 536 665 600 iam
688 536 822 601 miserae
844 537 928 602 nihil
950 538 1020 622 ipsa
1043 538 1183 628 reliqui),
1246 560 1297 609 315

220 669 277 732 per
299 645 436 710 conubia
458 647 580 729 nostra,
602 666 659 728 per
682 644 827 729 inceptos
850 645 1055 731 hymenaeos,

222 754 250 819 si
273 754 352 817 bene
376 751 453 835 quid
476 750 515 815 de
537 754 569 814 te
592 752 695 815 merui
717 751 780 816 fuit
804 756 860 816 aut
882 752 944 817 tibi
967 754 1138 838 quicquam

221 861 311 925 dulce
333 881 449 946 meum,
472 858 622 922 miserere
645 857 759 923 domus
782 858 930 923 labentis·
945 863 977 924 et
999 861 1105 949 istam,

223 991 290 1055 orc,
314 966 415 1052 siquis
440 965 542 1030 adhuc
565 966 713 1050 precibus
737 967 836 1053 locus,
860 988 938 1030 exue
961 971 1108 1034 mentem.

222 1081 255 1141 te
276 1079 410 1160 propter
432 1072 570 1157 Libycae
594 1076 706 1159 gentes
729 1071 975 1159 Nomadumque
997 1077 1127 1160 tyranni
1248 1094 1299 1143 335

223 1184 325 1269 odere,
347 1181 465 1247 infensi
488 1180 591 1265 Tyri13
614 1183 647 1244 te
668 1184 802 1264 propter
824 1180 958 1246 eundem

155 1267 170 1292 ⁴
222 1291 382 1356 extinctus
405 1288 509 1373 pudor
533 1291 574 1372 et,
596 1309 660 1371 qua
684 1287 753 1351 sola
776 1286 880 1352 sidera
903 1288 1039 1376 adibam,

223 1397 427 1483 fama'prior.
474 1395 525 1460 cui
547 1417 598 1458 me
620 1394 845 1459 moribundam
867 1395 995 1482 deseris,
1014 1435 1055 1444 -
1074 1398 1214 1483 hospes?

222 1506 284 1569 hoc
307 1505 412 1569 solum
434 1524 553 1567 nomen
575 1502 727 1586 quoniam
751 1502 790 1566 de
812 1503 946 1588 coniuge
968 1508 1077 1569 restat.

224 1612 301 1697 quid
323 1611 453 1676 moror?
477 1632 518 1674 an
540 1631 611 1674 mea
633 1608 825 1694 Pygmalion
847 1609 923 1674 dum
945 1613 1072 1677 moenia
1094 1614 1194 1679 frater
1248 1632 1299 1681 335

224 1721 378 1805 destruat,
403 1720 460 1782 aut
482 1721 610 1801 captam
632 1717 727 1781 ducat
750 1714 906 1781 Gaetulus
930 1717 1065 1784 Iarbas?

225 1827 339 1892 saltem
362 1825 455 1910 siqua
477 1825 558 1889 mihi
580 1825 618 1888 de
641 1828 673 1888 te
696 1828 845 1908 suscepta
867 1824 982 1889 firisset

225 1938 299 2000 ante
322 1935 431 2019 fugam
455 1932 594 2018 suboles,
617 1931 720 2015 siquis
742 1931 823 1995 mihi
846 1932 997 2014 parvolus
1020 1934 1093 1998 aula

224 2042 348 2107 luderet
370 2041 506 2124 Aeneas,
529 2039 584 2123 qui
608 2042 640 2103 te
663 2042 773 2102 tamen
796 2060 849 2102 ore
872 2039 1014 2127 referret,

223 2172 290 2214 non
312 2148 459 2232 equidem
482 2133 612 2212 bmnino
636 2150 729 2230 capta
751 2167 788 2210 ao
810 2146 936 2211 deserta
957 2147 1101 2213 viderer?
1250 2167 1302 2215 330

158 912 182 950 pv

247 2360 414 2397 marmorum
452 2346 504 2395 315
525 2340 662 2394 Victorini
685 2340 720 2393 de
743 2342 822 2395 metr.
844 2341 880 2395 71
899 2347 960 2397 210.
980 2346 1032 2395 214
1042 2341 1076 2398 K.
1101 2343 1223 2398 Audacia
1244 2360 1301 2400 exc.

160 2414 209 2468 Vll
228 2413 323 2469 338K.
397 2418 449 2467 316
470 2414 531 2482 ‘per
550 2430 572 2468 c.
592 2413 630 2466 n.’
652 2410 929 2467 3511155355173
948 2413 1052 2467 17339
1125 2419 1177 2468 317
1197 2414 1235 2468 ‘si
1251 2457 1257 2470 .
1273 2457 1301 2470 ..

159 2486 258 2540 merni‘
284 2485 412 2539 Donatus
430 2485 491 2538 Ter.
511 2483 597 2539 Andr.
613 2483 663 2552 15,
679 2488 712 2537 57
736 2483 845 2537 Nonius
864 2488 925 2552 344,
945 2490 979 2539 20
1004 2485 1138 2539 Sacerdos
1156 2486 1193 2539 71
1207 2485 1302 2543 44511.

211 2563 261 2612 317
273 2575 314 2625 sq.
335 2556 371 2610 ‘si
386 2599 392 2611 .
409 2600 415 2611 .
431 2599 437 2611 .
453 2557 556 2609 meum’
578 2555 683 2610 Seneca
702 2555 737 2609 de
755 2554 961 2610 11555171125
983 2555 1142 2611 Priscianus
1158 2562 1208 2611 733
1218 2557 1248 2612 P.

42 2676 44 2678 .
160 2629 225 2683 ‘fuit
245 2673 250 2684 .
271 2672 278 2684 .
298 2672 304 2683 .
325 2628 427 2681 meum'
450 2626 577 2681 Donatus
597 2627 658 2682 Ter.
678 2626 763 2682 Andr.
782 2627 796 2679 I
814 2631 838 2695 5,
854 2631 888 2680 59
908 2628 979 2680 Acro
998 2627 1063 2683 Hor.
1083 2628 1300 2697 5511113321

212 2705 264 2754 318
285 2698 427 2753 ‘miserere
447 2698 473 2752 d.
493 2697 523 2754 l.’
545 2696 657 2752 Servius
672 2697 739 2753 Aen.
755 2698 860 2751 17337
933 2703 985 2751 313
1006 2700 1046 2753 ‘et
1065 2699 1152 2768 siquis
1192 2700 1302 2754 renibus

157 2771 176 2826 1.
196 2789 220 2826 e.
240 2771 288 2827 m.'
308 2769 417 2826 Nonius
437 2774 529 2839 300,9
585 2768 685 2837 ‘siquis
705 2768 834 2839 precibus
853 2768 883 2824 l.’
905 2768 991 2824 schol.
1010 2770 1116 2824 Lucani
1130 2718 1247 2826 vilan

41 2834 45 2843 ’
158 2848 211 2897 320
220 2861 261 2910 sq.
283 2843 323 2896 ‘te
343 2884 349 2896 .
370 2882 376 2894 .
397 2885 402 2896 .
423 2841 519 2895 odere’
540 2839 699 2894 Priscianus
718 2844 769 2894 981
780 2840 809 2895 Ρ.
834 2841 990 2894 Arusianus
1009 2841 1175 2897 71150311.
1195 2841 1302 2908 Nonius

158 2920 222 2983 367,
244 2919 277 2967 14
366 2917 418 2966 323
430 2930 469 2979 sq.
495 2910 609 2980 ‘hospes
629 2954 635 2966 .
656 2955 661 2966 .
683 2954 688 2966 .
709 2912 808 2966 restat’
834 2911 943 2966 Nonius
962 2917 1023 2981 378,
1042 2918 1076 2966 28
1102 2913 1214 2967 Servius
1233 2914 1302 2969 Aen.

158 2986 196 3040 IV
211 2990 263 3039 424
335 2989 388 3038 323
409 2983 466 3037 ‘cui
486 3025 514 3038 ..
531 3026 537 3037 .
557 2983 671 3050 hospes’
692 2981 850 3037 Priscianus
866 2987 917 3036 967
928 2983 958 3039 P.
1032 2989 1083 3037 335
1094 3003 1134 3053 sq.
1156 2984 1236 3053 ‘quid
1251 3027 1257 3039 .
1274 3027 1302 3039 ..

158 3057 296 3111 destruas
317 3054 478 3109 Priscianus
498 3053 682 3110 73512061).
751 3058 848 3122 32755.
871 3055 984 3108 ‘saltem
1005 3095 1010 3108 .
1031 3098 1037 3110 .
1058 3099 1064 3110 .
1084 3056 1208 3110 suboles’
1230 3055 1302 3110 Pris-

158 3128 254 3182 cianus
280 3132 349 3181 1930
364 3127 393 3182 Ρ.
422 3125 572 3181 Oledonius
594 3124 620 3179 V
643 3131 678 3179 24
692 3124 725 3181 K.
753 3124 902 3196 Pompeius
923 3125 947 3179 V
966 3131 1018 3180 200
1032 3126 1064 3181 Κ.
1093 3126 1216 3181 Audacia
1244 3144 1302 3183 exc.

157 3196 782 3266 71135311.5131551513155111121363
856 3202 906 3251 337
932 3197 1046 3252 ‘saltem
1066 3241 1072 3252 .
1093 3242 1099 3254 .
1120 3200 1185 3252 .15’
1207 3199 1303 3252 Sacer·
1366 3231 1369 3236 -
1452 3255 1458 3263 ,

159 3267 373 3325 (1557144511,
447 3274 499 3323 338
510 3286 550 3336 sq.
571 3268 607 3322 ‘si
622 3311 628 3322 .
644 3309 650 3320 .
666 3312 672 3324 .
687 3268 813 3322 reserret’
831 3268 918 3324 schol.
933 3269 999 3324 Hor.
1015 3286 1098 3324 carm.
1113 3268 1151 3323 IV
1167 3274 1191 3338 5,
1208 3275 1241 3323 33

160 3347 211 3394 339
233 3340 294 3409 ‘qui
312 3385 318 3397 .
335 3383 341 3396 .
357 3384 363 3396 .
382 3339 509 3394 referret'
531 3340 684 3393 Arusianus
700 3340 856 3396 711506Κ.
876 3339 1069 3410 Philargyrius
1087 3358 1182 3411 georg.
1199 3341 1301 3394 111151

161 3412 247 3468 schol.
266 3413 347 3468 Bern.
366 3428 460 3481 georg.
481 3410 520 3465 ΙΙ1
540 3415 590 3465 138

248 3617 342 3658 vaura
369 3615 490 3657 nucrro.
538 3600 602 3657 317
633 3598 708 3657 bene
735 3616 789 3658 om.
813 3597 950 3657 17551115
1060 3601 1122 3659 319
1154 3601 1191 3659 et
1212 3600 1305 3677 siquis

160 3689 299 3765 precibus
326 3689 442 3748 Nonius
539 3689 603 3747 320
631 3686 704 3746 ETn
727 3687 755 3745 P
819 3686 933 3764 Libyae
956 3710 985 3765 χ,
1013 3685 1184 3748 Arusianus
1250 3708 1305 3747 nu-
1389 3681 1432 3726 ='

160 3777 252 3837 madri
269 3796 292 3845 c,
315 3778 465 3837 Prisciani
483 3798 507 3852 φ
530 3776 685 3835 numidam
703 3799 720 3854 χ
812 3778 872 3836 321
895 3769 937 3834 ‘te
956 3780 1080 3852 propter
1099 3777 1224 3836 eundem
1246 3825 1251 3836 .
1271 3824 1277 3835 .
1297 3824 1304 3837 .

160 3873 228 3927 arnt
259 3869 309 3940 qui
339 3868 386 3925 1115
417 3866 609 3939 distinguunt,
641 3871 675 3924 ut
705 3870 842 3939 55555151
874 3865 1023 3924 extinctus
1050 3860 1160 3943 pudor'
1187 3867 1306 3925 Ser-nius

160 4010 240 4069 Dan.
332 4011 395 4068 323
419 3947 676 4067 MORIBUNDAM
698 4010 738 4066 M
762 4008 938 4067 morituram
966 4008 1153 4068 1155155551
1179 4009 1216 4080 cf.
1241 4010 1304 4068 308

62 4167 72 4183 ·
228 4093 368 4157 ‘desarim
386 4098 687 4172 subdistinguendum:
705 4097 818 4156 dubitat
836 4100 912 4158 enim
930 4115 985 4170 quo
1004 4116 1068 4157 cum
1086 4099 1201 4156 nomine
1213 4098 1306 4168 pous-

160 4190 267 4248 sinum
290 4179 424 4264 appeltct'
447 4187 565 4246 Sunius
587 4186 668 4245 Dan.
768 4188 830 4246 327
856 4187 954 4246 saltim
973 4188 1083 4263 50151,
1106 4187 1255 4245 Prisciani
1273 4206 1306 4260 φ,

157 4312 314 4386 ruspans
400 4312 463 4371 aas
483 4309 786 4371 11511515555
867 4313 929 4371 aaa
950 4313 1103 4388 tantumy
1186 4310 1250 4369 sao
1273 4277 1307 4367 {a

161 4394 210 4482 (ac
228 4394 283 4482 71)
303 4403 341 4482 72
367 4401 550 4478 aucauty
