3038 4964
246 373 311 437 810
632 368 779 424 VERGILI
798 367 932 423 Annnls
951 369 1001 423 XII

313 534 441 600 tollitur
463 533 497 596 in
521 532 643 598 caelum
666 534 795 614 clamor,
818 532 965 617 versique
988 532 1130 597 vicissim

312 640 536 727 pulverulenta
558 640 636 725 fuga
659 639 774 705 Rutuli
797 638 875 704 dant
900 643 990 724 terga
1012 662 1070 725 per
1092 660 1198 725 agros.

312 749 381 833 ipse
403 770 507 833 neque
530 770 660 814 aversos
683 748 834 833 dignatur
858 752 999 811 sternere
1022 746 1122 811 Morti

312 878 370 920 nec
392 855 471 940 pede
495 877 685 941 congressos
708 876 810 940 aequo
833 875 892 919 nec
915 853 980 919 tela
1002 854 1135 918 ferentis
1351 871 1406 921 444

313 962 506 1046 insequitur:
530 961 636 1027 solum
659 961 757 1026 densa
778 961 814 1025 in
836 960 973 1046 caligine
996 960 1140 1026 'Itrrnum

313 1069 453 1154 vestigat
475 1068 630 1155 lustrans,
653 1068 759 1134 solum
780 1069 815 1133 in
834 1068 1008 1134 certamina
1030 1068 1165 1153 poscit..-

311 1177 373 1242 hoe
396 1198 551 1242 concussa
573 1181 662 1241 metu
684 1181 825 1241 mentem
848 1175 984 1242 Iuturna
1006 1176 1117 1263 virago

313 1285 458 1369 aurigam
482 1283 583 1348 Turni
606 1283 711 1349 media
732 1284 818 1349 inter
840 1283 910 1349 lora
933 1282 1102 1349 Metiscum

313 1391 436 1456 excutit
459 1395 491 1455 et
514 1389 610 1475 longe
633 1389 759 1475 lapsum
783 1393 910 1455 temone
933 1389 1077 1474 reliquit:
1350 1411 1405 1459 470

313 1499 383 1583 ipsa
407 1497 496 1561 subit
517 1497 730 1581 manibusque
754 1496 904 1562 undantis
928 1496 1029 1562 flectit
1051 1496 1205 1584 habenas,

313 1608 427 1669 cuncta
450 1624 573 1689 gerens,
596 1625 769 1688 vocemque
791 1608 824 1668 et
847 1625 963 1688 corpus
987 1607 1020 1668 et
1043 1626 1132 1668 arma
1155 1603 1295 1671 Metisci.

312 1711 407 1796 nigra
429 1710 518 1775 velut
504 1715 674 1796 tmagnas
698 1711 820 1776 domini
844 1732 917 1775 cum
939 1710 1048 1775 divitis
1074 1710 1167 1776 aedes

313 1817 515 1903 pervolatet
482 1818 717 1902 epinnist
671 1818 737 1883 alta
760 1819 842 1883 atria
864 1818 983 1884 lustrat
1005 1817 1154 1906 hirundo,

313 1923 433 2010 pabula
455 1947 554 2010 parva
576 1924 686 2011 legens
708 1926 858 2010 nidisque
880 1925 1068 2010 loquacibus
1088 1947 1186 2014 escas,
1350 1947 1406 1997 474

314 2036 347 2096 et
369 2053 454 2096 nunc
477 2031 656 2115 porticibus
679 2032 799 2119 vacuis,
820 2053 906 2097 nunc
928 2032 1037 2097 umida
1059 2032 1178 2098 circum

315 2142 430 2224 stagna
453 2144 560 2203 sonat:
584 2138 700 2203 similis
723 2138 845 2205 medios
868 2138 1004 2204 Iuturna
1027 2161 1083 2224 per
1105 2140 1212 2205 hostis

314 2247 417 2310 fertur
439 2245 530 2330 equis
555 2245 730 2331 rapidoque
754 2245 867 2311 volans
892 2246 961 2311 obit
985 2247 1092 2312 omnia
1114 2270 1211 2314 curru

314 2354 443 2439 iamque
464 2353 517 2418 hio
540 2374 728 2438 germanum
751 2353 878 2438 iamque
901 2353 954 2418 hic
977 2358 1119 2419 ostentat
1143 2362 1295 2422 ovantem

312 2484 371 2527 nec
393 2461 537 2527 conferre
560 2482 689 2524 manum
712 2460 846 2548 patitur,
868 2461 956 2525 volat
980 2461 1051 2526 avia
1073 2462 1176 2548 longe.
1351 2486 1406 2535 480

313 2569 393 2633 haut
415 2569 521 2632 minus
544 2566 670 2632 Aeneas
695 2571 800 2632 tortos
823 2567 904 2653 legit
928 2569 1043 2634 obvius
1067 2570 1160 2634 orbes

314 2676 516 2760 vestigatque
540 2675 646 2739 virum
670 2677 703 2738 et
725 2673 858 2740 disiecta
880 2697 937 2760 per
962 2676 1090 2760 agmina
1112 2697 1228 2762 magna

336 2869 503 2904 ιιιιιιιοιιι.
541 2854 594 2904 468
614 2851 743 2904 ‘Iuturna
761 2851 798 2905 v.’
820 2849 906 2906 schol.
926 2850 1028 2907 Veron.
1044 2856 1104 2920 106,
1120 2852 1197 2908 2677.
1288 2861 1347 2911 470
1368 2858 1402 2912 cf.

248 2922 336 2978 schol.
355 2922 456 2977 Veron.
472 2927 533 2991 107,
548 2928 562 2976 7
575 2920 607 2977 Κ.
672 2926 725 2975 473
735 2939 776 2991 sq.
797 2921 932 2977 Sacerdos
947 2922 982 2977 VI
1000 2928 1051 2978 465
1062 2923 1094 2978 K.
1154 2930 1205 2979 477
1228 2924 1348 2982 ‘similis
1360 2972 1366 2982 .
1379 2972 1403 2984 ..

248 2994 356 3050 hostes’
378 2993 491 3048 Servius
508 2994 578 3049 Aen,
593 2993 644 3047 XII
662 2999 715 3048 476

405 3108 460 3115 ..—

335 3182 430 3223 vania
454 3180 576 3222 naono.
622 3165 686 3223 464
715 3162 1037 3235 NEQvuavaasos
1060 3165 1103 3232 R,
1133 3163 1278 3239 Obloaoas
1306 3167 1405 3230 Pierii

247 3250 549 3324 Nacnnuaasos
568 3252 607 3310 M
631 3271 727 3328 neque
755 3249 896 3313 addarsos
910 3271 945 3333 γε
968 3251 1258 3313 NEOADVERSOS
1277 3256 1341 3324 Pb,
1370 3264 1405 3318 at

247 3345 380 3403 videatur
399 3342 540 3402 obversos
554 3343 693 3416 scriptam
710 3335 866 3466 fufscvstf.
872 3344 949 3466 prqt.
961 3338 1085 3423 237sq.)
1099 3342 1209 3417 NEquc
1222 3344 1362 3406 oaersOS
1378 3348 1406 3406 V

311 3487 374 3545 465
395 3482 693 3544 OONGRIISSVSP
752 3479 922 3564 EQ0(m.1
952 3479 1082 3564 EQ·)M
1098 3504 1152 3545 nac
1172 3506 1279 3565 equox
1299 3506 1403 3568 aequo

247 3574 366 3634 Servius
380 3575 461 3634 Dan.
476 3575 542 3648 zeqit
586 3572 840 3634 FERENTESR
904 3578 968 3636 466
983 3573 1160 3635 DENSOR
1219 3578 1399 3640 469-481

254 3717 357 3776 Veron.
380 3718 429 3792 fot.
452 3720 548 3778 2130.
641 3720 706 3778 470
725 3717 917 3788 RELIQVIT
937 3719 1043 3798 PRybc
1066 3659 1257 3790 RELINQUI'I'
1273 3721 1310 3779 Μ
1331 3721 1402 3781 ΒΕ·

248 3805 415 3876 LINQVI'I
442 3808 468 3867 V
578 3809 641 3865 472
667 3806 846 3866 Mnrlsrss
871 3809 898 3867 V
992 3811 1056 3868 474
1082 3807 1228 3868 PENNIS
1253 3809 1295 3869 Vc

993 3890 1014 3929 Λ

248 3951 313 4009 478
333 3968 458 4029 αιιιειιχ
552 3951 616 4009 479
635 3948 1015 4018 IAMQ-fflOOSTnNsrr
1029 3946 1057 4029 (1
1071 3956 1146 4026 post.
1165 3969 1238 4012 corr.
1256 3954 1289 4010 in
1306 3945 1350 4034 T)
1365 3956 1407 4014 M

247 4037 631 4107 lauovnfflcosrentat
656 4039 682 4097 V
704 4037 1061 4109 IAMQVEHIOOstcatat
1083 4041 1113 4099 P
1135 4040 1193 4099 iam
1224 4041 1273 4101 hic
1301 4044 1403 4103 osten·

248 4132 331 4208 taty
354 4129 473 4206 iamque
492 4127 541 4187 hic
560 4127 690 4187 ostendit
708 4129 724 4186 b
748 4128 837 4207 iamq
859 4128 1018 4207 hostendit,
1040 4133 1073 4190 tn
1090 4148 1145 4205 aaa.
1164 4148 1201 4189 m
1220 4129 1275 4189 27
1300 4134 1403 4194 often-

249 4221 328 4276 tatc
440 4219 502 4277 481
529 4215 657 4277 'POTOS
680 4218 708 4278 V
729 4217 840 4280 Taras
858 4221 915 4280 Pt
901 4223 997 4280 tortos
1020 4219 1139 4280 Servius
1162 4222 1317 4292 confimat

248 4306 378 4367 orbisbc
445 4309 551 4367 482-
558 4309 620 4367 508
645 4307 745 4367 Veron
769 4310 817 4382 fot.
840 4311 902 4371 255
972 4311 1036 4369 482
1056 4306 1177 4387 magna]
1198 4309 1292 4389 longa
1309 4313 1403 4375 Beat

249 4398 322 4456 teias
344 4414 409 4455 cam
431 4397 554 4456 Heinsio
