2984 5356
599 1044 846 1172 Praefatio,-

236 1380 497 1466 Vergilianorum
524 1384 708 1464 poematum
735 1378 932 1442 recensionis
961 1400 1057 1462 quam
1082 1376 1169 1439 intra
1192 1372 1294 1440 annos
1386 1458 1393 1470 ,

130 1489 292 1577 3854l60
310 1487 507 1551 eruditorum
526 1488 599 1551 usui
619 1487 799 1552 obtuleram
818 1484 1011 1568 exemplaria
1030 1505 1103 1547 cum
1117 1482 1296 1569 deficerent,
1391 1476 1393 1480 ’

139 1597 330 1678 redemptor
365 1595 475 1657 iterari
512 1593 656 1678 quidem,
688 1593 743 1657 sed
776 1614 857 1676 quae
890 1596 966 1655 sunt
999 1590 1181 1654 studiorum
1213 1589 1295 1672 opti·

140 1723 274 1768 morum
292 1700 352 1763 hac
370 1704 560 1783 tempestate
579 1701 757 1784 angustiae,
778 1699 813 1762 in
832 1699 934 1762 artius
953 1701 1119 1762 contracta
1138 1701 1171 1760 et
1189 1696 1294 1759 mode·

143 1803 248 1874 stiore
276 1807 380 1889 pretio
407 1806 564 1890 parabilia
591 1797 740 1890 proponi
753 1805 875 1869 voluit·
912 1805 964 1868 cui
987 1803 1122 1868 consilio
1147 1802 1294 1887 quamvis

21 1981 25 1988 ,
122 1913 339 1998 'recoquendi
366 1918 474 1977 vetera
501 1913 632 1977 minime
649 1913 794 1996 'cupidus
817 1917 926 1976 tamen
947 1894 1171 1994 obtemperare
1195 1909 1294 1973 malui

143 2044 246 2106 quam
278 2019 479 2084 demetendas
511 2021 706 2084 mercenaria
738 2041 836 2102 opera
868 2022 993 2104 segetes
1025 2039 1112 2081 meas
1146 2017 1217 2080 aliis
1247 2038 1294 2079 re-

141 2129 302 2210 linquere.
346 2166 351 2173 ·
575 2106 577 2111 λ
1380 2109 1385 2118 ’

236 2230 365 2295 Rescidi
392 2231 493 2326 igitur
520 2255 558 2296 ex
582 2233 671 2296 varia
699 2255 796 2316 quam
824 2232 1021 2296 subieceram
1044 2230 1182 2294 lectione
1206 2229 1295 2312 quid·

144 2339 225 2424 quid
258 2337 299 2402 ad
328 2336 425 2400 verba
456 2337 526 2420 ipsa
558 2342 672 2421 poetae
704 2343 791 2402 certa
822 2337 884 2402 fide
916 2335 1141 2401 constituenda
1172 2335 1295 2398 nullius

143 2436 304 2510 moflnti
323 2465 392 2507 esse
410 2443 639 2530 intellegerem,
657 2445 771 2528 planos
790 2450 822 2508 et
839 2444 989 2530 vulgares
1004 2443 1073 2506 dico
1088 2441 1296 2505 librariorum
1419 2474 1425 2484 ·

133 2572 287 2635 errores,
303 2545 418 2613 'tritas
456 2550 698 2636 orthographici
734 2551 861 2637 generis
894 2549 1102 2633 quisquiliae,
1140 2547 1295 2631 quidquid

121 2658 285 2743 'denique
318 2655 395 2720 olim
427 2656 461 2719 in
492 2657 757 2743 prolegomenon,
791 2679 874 2747 quae
899 2678 965 2721 non
991 2655 1164 2738 repetenda
1194 2658 1296 2738 erant,

145 2763 272 2827 horreis
305 2762 346 2827 ad
378 2745 638 2846 cognoscendam
661 2763 820 2828 librorum
854 2763 994 2827 indolem
1021 2744 1194 2845 farraginis
1222 2782 1295 2824 con-

144 2890 319 2954 gesseram.
364 2868 483 2933 retinui
507 2892 560 2934 eas
583 2871 774 2955 scripturas,
798 2892 879 2954 quae
902 2870 941 2933 ad
964 2869 1067 2951 ipsius
1086 2872 1200 2951 poetae
1223 2887 1295 2929 con-

146 2973 352 3039 suetudinem
375 2975 534 3040 scribendi
553 2978 713 3061 pertinere
731 2978 929 3061 viderentur,
951 2997 1053 3059 pauca
1072 2974 1169 3037 semel
1188 2977 1296 3036 enota-

33 3071 37 3076 ’
146 3082 232 3145 visse
262 3080 343 3144 satis
370 3081 478 3146 habui.
526 3083 760 3168 sedquoniam
788 3084 823 3147 in
849 3083 911 3147 hoc
938 3081 1099 3146 cribrandi
1128 3100 1221 3162 opere
1245 3076 1296 3140 vel
1343 3059 1348 3068 ’

145 3187 278 3252 fastidio
307 3191 417 3250 motus
440 3188 491 3251 vel
518 3189 591 3253 aliis
617 3191 702 3255 euris
726 3191 900 3269 distractus
923 3209 988 3253 non
1012 3188 1058 3250 ita
1082 3208 1155 3250 raro
1179 3205 1295 3268 pausas

145 3316 261 3378 passus
291 3315 363 3357 sum
386 3294 594 3384 intercedere,
621 3297 714 3361 facile
738 3296 956 3361 inconstantia
979 3294 1117 3378 quadam
1139 3314 1206 3356 non
1228 3296 1295 3355 tam

146 3399 274 3465 consilii
294 3421 392 3483 quam
412 3400 523 3466 calami
541 3403 615 3467 fieri
631 3404 749 3488 potuit,
771 3409 808 3467 ut
828 3404 966 3466 intactas
985 3400 1038 3463 hic
1056 3399 1123 3462 illi‘c
1142 3397 1295 3461 minutias
1332 3464 1341 3477 .

145 3507 272 3590 aliquas
302 3506 530 3595 relinquerem,
563 3531 643 3592 quas
671 3510 750 3574 alibi
779 3509 966 3574 oblitterare
993 3528 1061 3571 non
1088 3505 1295 3568 dubitassem.

145 3619 259 3678 contra
285 3613 442 3697 spondere
465 3616 580 3700 aude0,
606 3615 690 3680 nihil
714 3639 732 3680 a
756 3638 806 3679 me
831 3615 986 3679 omissum
1010 3634 1078 3676 esse
1102 3611 1188 3695 quod
1211 3611 1297 3673 intra

144 3720 227 3784 fines
242 3742 339 3804 supra
353 3720 550 3786 constitutos
566 3723 650 3786 scitu
664 3743 737 3786 vere
751 3722 885 3806 dignum
899 3723 993 3784 esset.
1025 3717 1153 3801 plenam
1168 3717 1296 3800 quidem

145 3827 186 3891 de
220 3828 357 3914 singulis
390 3826 535 3892 ecdicum
568 3827 688 3892 litteris
712 3833 753 3892 ·et
781 3827 928 3891 versibus
959 3825 1027 3888 sive
1054 3823 1196 3908 integris
1230 3825 1297 3887 sive

145 3933 307 3998 mutilatis
339 3934 528 3998 memoriam
560 3932 690 3998 hauriat
721 3934 749 3998 si
777 3934 849 4018 quis
878 3933 974 3996 volet.
993 3952 1044 3994 ex·
1059 3934 1151 4008 vasta
1177 3930 1296 4013 prioris

144 4040 307 4105 editionis
323 4041 480 4125 congerie.
519 4042 653 4106 accessit
676 4041 716 4105 ad
739 4046 928 4135 ceterorum,
951 4058 1033 4122 quos
1057 4036 1135 4101 olim
1155 4035 1298 4120 adhibui,

143 4146 292 4212 codicum
310 4149 538 4212 auctoritatem
552 4147 724 4232 Pragensis
739 4144 831 4234 (ala
849 4146 970 4210 Ioanne
988 4143 1122 4208 Kvibala
1141 4140 1298 4226 conlatus,

143 4254 238 4320 cuius
261 4253 312 4318 hic
335 4253 403 4319 illic
427 4255 543 4319 saltem
565 4256 762 4318 mentionem
784 4253 853 4317 feci.
