3060 4966
239 340 305 406 600
621 338 770 395 VERGILI
788 338 923 393 nuruis
941 338 1007 394 Vlll

306 508 465 593 cernatur,
490 505 651 590 trepident
674 504 821 570 immisso
845 502 966 569 lumine
989 527 1107 575 manes.

307 634 385 698 ergo
408 612 571 697 insperata
594 613 786 698 deprensum
809 611 879 677 luce
902 615 1033 697 repente

310 720 532 805 inclusumque
556 742 633 785 cavo
657 742 735 786 saxo
759 723 857 804 atque
879 719 1008 784 insueta
1029 719 1196 785 rudentem

308 828 443 912 desuper
465 826 593 893 Alcides
617 827 691 893 telis
714 827 832 912 premit
856 827 1026 912 omniaque
1050 850 1139 892 arma

307 934 441 1000 advocat
464 939 496 1000 et
519 934 616 1000 ramis
639 935 805 1020 vastisque
827 933 1004 1000 molaribus
1028 935 1137 1000 instat.
1336 953 1390 1001 250

307 1040 362 1106 ille
385 1046 493 1107 autem
516 1041 743 1132 (nequeenim
766 1042 844 1128 fuga
866 1043 931 1106 iam
955 1063 1051 1127 super
1074 1042 1141 1107 ulla
1163 1041 1290 1129 pericli)

307 1150 453 1215 faucibus
477 1151 641 1237 ingentem
664 1150 788 1214 fumum
812 1146 973 1236 (mirabile
997 1146 1100 1237 dictu)

308 1257 428 1322 evomit
449 1258 651 1343 involvitque
673 1256 804 1322 domum
827 1238 963 1342 caligine
986 1279 1086 1344 caeca,

307 1368 514 1450 prospectum
538 1366 676 1449 eripiens
701 1364 812 1451 oeulis,
835 1364 1058 1450 glomeratque
1081 1364 1141 1429 sub
1166 1368 1259 1429 antro

307 1472 491 1537 fumiferam
512 1475 639 1537 noctem
662 1471 846 1536 commixtis
870 1471 944 1558 igne
967 1471 1118 1536 tenebris.
1337 1488 1391 1539 ato
1489 1514 1493 1518 Α

307 1601 374 1644 non
397 1579 474 1643 tulit
496 1576 624 1644 Alcides
649 1577 764 1643 animis
789 1599 886 1662 seque
907 1578 977 1663 ipse
1000 1579 1189 1664 perignem

306 1685 476 1772 praecipiti
498 1685 573 1751 iecit
598 1685 692 1771 saltu,
716 1706 780 1771 qua
802 1684 961 1770 plurimus
985 1686 1103 1750 undam

309 1795 417 1859 fumus
441 1794 510 1878 agit
531 1792 713 1878 nebulaque
735 1794 850 1879 ingens
875 1814 988 1878 specus
1011 1797 1138 1859 aestuat
1161 1797 1239 1859 atra.

307 1901 361 1966 hio
384 1898 503 1966 Cacum
525 1901 561 1965 in
583 1900 725 1965 tenebris
748 1901 894 1966 incendia
917 1923 1000 1966 vana
1022 1906 1204 1968 vomentem

310 2008 444 2092 corripit
466 2007 502 2073 in
523 2008 645 2073 nodum
667 2007 853 2093 complexus
877 2011 910 2073 et
933 2009 1025 2094 angit
1048 2009 1217 2075 inhaerens
1339 2027 1394 2076 aso

309 2114 405 2180 elisos
429 2115 538 2181 oculos
562 2119 594 2180 et
618 2115 738 2180 siecum
761 2115 917 2201 sanguine
940 2120 1062 2201 guttur.

309 2222 461 2307 panditur
485 2222 646 2308 extemplo
669 2223 795 2289 foribus
819 2223 933 2288 domus
957 2227 1028 2289 atra
1051 2223 1196 2312 revolsis,

332 2383 499 2421 cremorem.
538 2369 590 2418 248
610 2363 766 2433 ‘trepident
781 2406 786 2419 .
803 2407 809 2420 .
825 2407 831 2420 .
846 2364 956 2419 manes’
976 2363 1085 2418 Nonius
1099 2367 1161 2433 408,
1180 2369 1196 2417 8
1264 2370 1317 2419 248
1338 2365 1393 2419 ‘at-

243 2453 297 2506 que
316 2436 335 2491 i.
354 2438 388 2493 r.'
409 2438 564 2491 Arusianus
578 2435 631 2489 VH
649 2440 700 2492 486
712 2435 745 2491 Κ.
854 2441 905 2491 251
925 2435 1003 2490 Beda
1025 2434 1061 2490 de
1086 2436 1167 2490 ortho
1188 2454 1209 2492 r.
1223 2435 1275 2490 Vll
1295 2441 1346 2492 288
1357 2435 1392 2491 K.

244 2507 357 2564 Servius
370 2509 439 2564 Aen.
449 2509 488 2562 Ili
498 2512 551 2562 488
570 2507 804 2562 Diomedes1414
813 2507 847 2562 K.
866 2506 1017 2562 Dositheus
1030 2506 1144 2563 v1141e
1181 2552 1186 2563 .
1233 2513 1285 2563 255
1298 2507 1393 2562 ‘fumi-

243 2581 333 2635 feram
350 2580 474 2635 noctem'
494 2578 655 2634 Macrobius
675 2578 733 2635 Sat.
748 2579 773 2634 V
794 2585 835 2646 14,
851 2583 867 2632 8
961 2583 1014 2633 257
1025 2596 1066 2647 sq.
1087 2579 1154 2647 ‘qua
1169 2623 1175 2635 .
1191 2622 1198 2636 .
1214 2623 1220 2634 .
1236 2578 1309 2649 agit'
1331 2579 1393 2635 Ser-

243 2651 306 2707 vius
316 2652 386 2708 Aen.
396 2651 422 2705 11
432 2657 484 2706 609
540 2655 592 2705 259
603 2649 661 2705 ‘hio
671 2652 783 2706 tantum
792 2650 822 2704 in
836 2652 856 2704 t.
872 2667 1036 2705 conversum
1050 2666 1067 2703 a
1081 2649 1197 2705 lumine'
1215 2650 1266 2706 ult.
1281 2650 1343 2719 syll.
1354 2650 1394 2705 IV

244 2723 339 2779 254Κ.
413 2728 465 2777 260
484 2722 571 2778 schol.
590 2722 672 2779 Bam.
693 2739 736 2792 ge.
751 2723 790 2776 ΙΙΙ
808 2726 860 2776 497
881 2721 922 2775 ‘et
940 2738 965 2778 a.
985 2721 1015 2777 i.’
1036 2721 1187 2776 Diomedes
1205 2722 1218 2776 1
1236 2727 1288 2777 366
1296 2721 1329 2776 Κ.

245 2802 295 2851 261
312 2794 420 2850 Nonius
430 2798 491 2864 291,
502 2799 536 2850 28
552 2794 664 2851 Servius
674 2793 743 2849 Aen.
753 2794 792 2847 Ill
802 2799 852 2848 odi
870 2794 1066 2864 ‘at...guttur’
1083 2792 1393 2850 ArusianusVlldllK.

334 2963 429 3006 vnum
446 2964 567 3007 inemo.
616 2948 678 3007 246
700 2944 929 3005 TREPIDENT
946 2943 1054 3025 MPyb,
1072 2943 1190 3005 Servius
1203 2948 1235 3005 in
1253 2946 1392 3014 termole,

244 3036 374 3104 Nonius,
403 3038 550 3096 Macrobii
572 3057 596 3094 ω
624 3035 775 3111 trepident
800 3029 846 3112 (re
870 3037 902 3094 in
929 3026 1004 3113 ros.)
1028 3052 1043 3093 o
1070 3034 1224 3110 trepidant
1252 3035 1395 3094 Macrobii

245 3126 314 3186 Par.
340 3122 654 3193 TREPIDANTQVE
673 3126 702 3183 R
816 3125 878 3184 247
902 3122 1255 3183 DEPRENSVMLVCE
1273 3124 1303 3182 P
1325 3123 1393 3182 DE·

414 3207 449 3247 m

246 3264 542 3328 PRENSUMLUCE
566 3268 622 3348 Μγ
653 3265 1050 3327 DEPRENSVMINLVOE
1074 3267 1121 3326 Rb
1155 3259 1335 3342 dspn.lum
1361 3267 1395 3326 in

247 3360 314 3418 luce
337 3349 372 3438 (n
389 3375 440 3430 pr.
462 3358 494 3416 ta
516 3348 591 3436 ros.)
611 3374 626 3416 c
728 3359 791 3418 248
816 3353 955 3427 SAXOQ·
978 3354 1167 3433 INSVETA,
1189 3357 1240 3416 sed
1261 3360 1294 3415 ed
1315 3374 1352 3414 m.
1375 3359 1390 3415 1

248 3444 351 3506 SAXO
375 3444 464 3515 ATQ·
487 3444 665 3505 INSVETA
687 3450 826 3520 scriptum
844 3448 935 3521 [abac
953 3449 1105 3521 appareat,
1128 3445 1157 3503 R
1228 3446 1299 3504 251
1315 3445 1392 3504 enim

248 3553 301 3596 om.
325 3535 481 3594 Dosdheus
556 3535 618 3594 iam
641 3553 695 3596 om.
718 3536 868 3596 Diomedis
891 3536 970 3595 codd.
1051 3532 1286 3593 PERIOLIEST
1308 3534 1395 3612 Pybo,

247 3624 343 3685 Seruii
364 3624 444 3684 Dua.
468 3621 541 3684 Aen.
560 3624 608 3684 111
630 3627 694 3686 489
720 3625 837 3700 ccernpt
860 3624 980 3747 rbefidi’
1008 3641 1062 3684 om.
1087 3627 1146 3702 est,
1175 3628 1296 3684 testatur
1321 3624 1395 3684 Dio-

249 3769 344 3828 medes
453 3769 515 3828 253
538 3765 693 3826 EMOVIT
712 3766 742 3826 R
764 3764 878 3827 EUOM
896 3768 936 3826 M
1069 3767 1131 3826 257
1154 3763 1397 3825 IEOITSALTU

248 3858 349 3916 Meo:
373 3857 409 3931 cf.
432 3856 461 3915 X
485 3858 547 3918 683
576 3854 728 3915 ΙΝΙΕΟΙΤ
752 3847 877 3915 ⁸ALTV
905 3848 940 3938 (S
965 3846 1047 3938 odd.)
1067 3855 1095 3914 P
1118 3854 1222 3915 iniecit
1250 3855 1328 3915 saltu
1349 3874 1396 3934 yet

250 3967 286 4039 cf.
304 3964 336 4024 Π
359 3965 424 4025 408
447 3963 489 4024 IX
510 3966 573 4024 553
657 3965 720 4024 258
743 3962 975 4034 NEBULAMQ·
994 3964 1031 4021 M
1113 3965 1176 4024 259
1200 3940 1397 4023 INE‘TENE-

251 4053 340 4114 BRIS
359 4054 400 4113 Μ
506 4054 566 4112 261
599 4052 743 4129 eliditque
771 4050 905 4116 Ktoutot
932 4045 1029 4130 ‘angit
1056 4053 1158 4112 oculos
1185 4070 1244 4112 non
1266 4054 1398 4128 procedit

251 4145 398 4205 ...uode
425 4143 508 4201 motti
535 4142 649 4202 elidens
674 4144 782 4217 teporat,
811 4148 836 4202 et
863 4146 971 4216 srnreper
999 4160 1101 4202 sensus
1129 4147 1182 4209 est,
1210 4160 1281 4202 nom
1308 4141 1398 4202 elisos

251 4287 467 4363 soloecophanes
486 4276 536 4344 est’
556 4282 675 4344 Servius
757 4286 819 4344 262
841 4284 999 4363 extemplo,
1023 4284 1053 4344 al
1071 4269 1185 4364 intday
1246 4224 1359 4344 ALTBA
1372 4286 1402 4342 P

252 4379 289 4450 ef.
302 4395 344 4451 pe.
364 4375 393 4434 ΙΙ
408 4378 471 4435 461
482 4375 558 4448 prot.
579 4375 642 4434 317
706 4372 900 4433 Reversis
916 4365 956 4456 (Ο
971 4392 1042 4434 corr.
1057 4377 1089 4434 in
1102 4365 1145 4455 V)
1160 4376 1188 4432 P
1203 4374 1332 4434 renuitis
1342 4376 1399 4454 ylo
