3052 4972
523 398 671 452 VERGlLl
689 397 822 452 AENEIS
841 398 879 452 Vl

237 561 275 626 ln
298 563 402 627 medio
427 584 533 628 ramos
556 584 741 647 annosaque
762 561 912 628 bracchia
935 563 1046 646 pandit

193 671 300 735 ulmus
325 693 424 754 opaca
446 670 571 758 ingens,
594 693 690 755 quam
713 670 819 734 sedem
843 667 974 735 Somnia
997 671 1093 755 volgo

193 799 276 842 vana
299 781 406 842 tenere
429 777 539 841 ferunt
562 776 713 860 foliisque
737 776 797 840 sub
822 776 971 841 omnibus
993 776 1135 842 haerent.

193 885 359 969 multaque
382 887 547 968 praeterea
569 883 730 947 variarum
753 887 898 948 monstra
920 884 1061 949 ferarum
1222 901 1274 950 986

193 991 346 1057 Centauri
369 974 404 1055 in
426 990 553 1055 foribus
576 989 743 1054 stabulant
766 987 955 1074 Scyllaeque
977 991 1131 1055 bifermes

193 1103 226 1163 et
249 1098 526 1184 centumgeminus
549 1095 700 1161 Briarcus
723 1119 760 1162 ae
782 1097 878 1162 belua
900 1097 1022 1163 Lernae

193 1205 389 1271 horrendum
412 1205 562 1290 stridens,
585 1203 786 1289 flammisque
810 1209 934 1270 armata
957 1203 1136 1292 Chimaera,

195 1312 362 1399 Gorgones
385 1312 613 1397 Harpyiaeque
636 1316 668 1376 et
692 1312 796 1376 forma
818 1312 1007 1396 tricorporis
1031 1313 1171 1378 umbrae.

193 1421 328 1504 corripit
350 1421 403 1486 hic
426 1420 535 1484 subita
558 1419 702 1502 trepidus
726 1419 898 1483 formidine
920 1420 1041 1484 ferrum
1222 1438 1274 1487 290

192 1527 318 1593 Aeneas
342 1528 552 1611 strictamque
575 1527 675 1591 aciem
698 1526 904 1592 venientibus
928 1527 1031 1613 offert,

193 1639 226 1699 et
248 1635 282 1699 ni
306 1636 400 1700 docta
423 1656 529 1700 comes
553 1634 660 1699 tenuis
683 1634 751 1698 sine
774 1655 908 1717 corpore
930 1634 1015 1699 vitas

194 1743 364 1808 admoneat
387 1743 524 1808 volitare
548 1764 625 1806 cava
647 1740 708 1806 sub
732 1741 872 1827 imagine
894 1741 1026 1828 formae,

193 1851 302 1915 inruat
326 1855 358 1915 ct
381 1851 505 1915 frustra
526 1850 612 1914 ferro
636 1848 817 1913 diverberet
840 1849 979 1914 umbras.

219 2098 386 2135 marmoren.
415 2085 467 2134 286
483 2078 622 2135 ‘centauri
637 2122 642 2135 .
659 2125 665 2135 .
682 2079 861 2134 ‚stabulant’
878 2079 965 2135 schol.
981 2079 1088 2134 Lucani
1101 2080 1139 2134 VI
1153 2085 1206 2135 386

132 2155 183 2205 287
204 2152 245 2206 ‘et
263 2168 286 2207 c.
306 2151 448 2207 Briareus'
469 2151 554 2207 schol.
573 2151 639 2207 Hor.
659 2168 743 2207 carm.
757 2151 797 2204 III
815 2156 840 2220 4,
856 2157 889 2205 69
945 2150 1198 2221 ‘centumgeminus
1219 2151 1277 2206 Bri·

131 2225 224 2277 areua'
242 2223 402 2278 Macrobius
422 2222 480 2279 Sat.
490 2223 516 2277 V
530 2228 572 2293 14,
588 2230 604 2277 8
619 2221 706 2278 schol.
720 2222 828 2278 Lucani
842 2222 881 2276 IV
895 2228 947 2277 696
1002 2224 1047 2277 ‘ac
1065 2223 1092 2278 b.
1107 2223 1149 2280 L.'
1166 2223 1278 2278 Servius

130 2293 315 2350 99921676
388 2299 441 2350 288
462 2294 642 2349 ‘horrendum
661 2295 695 2348 s.'
715 2293 871 2364 Porphyrio
889 2293 956 2350 Hor.
975 2294 1208 2362 carm.1112,14

128 2370 181 2419 289
195 2365 352 2421 Priscianus
363 2372 414 2421 699
423 2367 452 2422 Ρ.
465 2367 619 2438 ‘Gorgones
630 2365 836 2436 Harpyiasque'
848 2366 988 2420 Maximus
998 2365 1160 2420 Victorinus
1175 2367 1209 2420 de
1225 2369 1277 2422 rat.

128 2439 213 2491 metr.
228 2436 266 2491 VI
282 2443 335 2492 220
344 2437 377 2492 Κ.
450 2444 502 2492 290
513 2457 553 2506 sq.
574 2436 702 2507 ‘corripit
721 2482 727 2493 .
747 2480 753 2492 .
773 2482 779 2493 .
800 2438 922 2492 Aeneas'
943 2436 1097 2491 Arusianus
1112 2437 1164 2493 VII
1183 2444 1235 2491 612
1245 2437 1277 2494 Κ.

205 2513 257 2563 290
281 2509 393 2564 Servius
417 2510 485 2564 Aen.
505 2509 518 2562 Ι
539 2513 589 2563 188
675 2515 726 2564 291
752 2508 948 2577 ‘strictamque
973 2552 1031 2564 ...
1056 2508 1149 2562 offert’
1169 2507 1279 2564 Nonius

133 2584 193 2647 360,
209 2585 243 2648 26
263 2580 376 2635 Servius
393 2581 462 2637 Aen.
473 2580 511 2635 Vl
526 2587 577 2634 261
651 2586 703 2635 292
713 2597 754 2649 sq.
774 2580 883 2636 Nonius
897 2586 958 2651 466,
975 2586 1007 2635 16
1025 2581 1066 2635 ‘et
1080 2624 1086 2636 .
1103 2624 1109 2635 .
1125 2623 1131 2636 .
1146 2580 1277 2635 volitare’

129 2651 237 2706 Nonius
251 2657 313 2721 419,
328 2658 362 2706 27

216 2872 312 2916 varus
336 2874 459 2917 anemo.
502 2858 565 2916 283
591 2850 702 2915 ‘ulmus
726 2875 820 2933 opaca
842 2856 960 2935 ingens:
984 2859 1277 2932 distinguendorum

132 2984 188 3041 isto
214 2987 336 3056 propter
367 2985 424 3043 duo
457 2976 593 3056 epbhcte'
620 2981 739 3040 Servius
806 2950 933 3061 ublgoy
956 2981 1093 3042 VVLGO
1112 2985 1213 3044 MRbc

133 3073 196 3131 285
227 3068 417 3131 MONSTRA
449 3066 597 3152 (MONST
633 3088 672 3130 m.
699 3075 759 3130 ont.
786 3072 818 3131 a'n
848 3090 924 3132 raa:
959 3072 1054 3145 fecitne
1084 3070 1231 3152 mostra?)
1253 3075 1303 3133 P.

202 3162 265 3220 288
286 3155 396 3220 ‘airum
418 3162 464 3221 hic
486 3162 630 3221 distinctio
647 3161 739 3234 plena
760 3162 798 3219 sit
821 3179 860 3220 oa
882 3161 1064 3220 horrendum
1087 3162 1217 3223 stridens
1236 3166 1280 3223 in-

129 3251 288 3323 sariorrbas
311 3252 488 3324 lanceatum
507 3251 565 3311 sit?
586 3250 709 3310 stridere
727 3251 802 3309 enim
821 3251 889 3309 bene
907 3248 1080 3312 Chimaerae
1098 3244 1196 3312 dolar’
1215 3252 1281 3312 Scr-

128 3341 197 3399 cr'us
218 3339 298 3399 Dan.
344 3341 386 3399 In
408 3340 448 3397 Μ
463 3344 531 3414 post
553 3338 696 3412 stridens,
723 3356 782 3397 non
798 3343 867 3414 post
889 3339 1004 3398 Lernae
1027 3341 1215 3416 distinyro'tur

128 3446 188 3504 que
212 3446 267 3487 eor.
285 3428 408 3503 Menos.
427 3430 545 3488 Mentcl.
568 3445 632 3495 sec,
654 3432 687 3487 ut
709 3427 839 3488 stridens
861 3431 1007 3502 reseratur
1029 3431 1069 3490 od
1092 3428 1281 3491 Chimaeram

199 3519 262 3578 289
287 3517 443 3594 delphines
465 3519 614 3579 Prisciom
632 3539 656 3577 ω
680 3516 834 3595 Gorgones
857 3522 976 3578 testatur
996 3518 1115 3580 Seruius
1183 3520 1280 3582 HAR-

130 3606 236 3665 Pras
260 3607 298 3665 M
325 3603 468 3686 harpyias
495 3608 625 3668 Maximi
649 3607 719 3668 Vict.
743 3608 859 3682 crcmpt
928 3600 1011 3668 ‘sanc
1037 3610 1156 3682 quidum
1183 3613 1281 3671 dicunt

128 3714 231 3757 versas
254 3697 327 3756 otios
348 3698 400 3758 hos
418 3717 438 3758 a
451 3702 538 3772 pocta
555 3698 607 3757 boc
624 3697 684 3757 loco
701 3698 823 3765 relictos,
846 3699 896 3772 qui
914 3698 951 3757 ab
970 3699 1031 3758 9299
1049 3701 1277 3761 metatoribus

126 3787 234 3846 sublati
258 3788 330 3845 sint·
1013 3846 1019 3857 ,

263 3873 411 3953 Gorgonis
433 3875 466 3935 in
488 3875 586 3935 medio
609 3877 784 3951 portentum
807 3875 925 3935 inmane
947 3875 1098 3956 Medusae,

262 3965 401 4041 vipereae
424 3965 538 4024 circum
561 3983 613 4024 ora
635 3982 737 4024 comae
760 3964 809 4024 oui
832 3965 922 4026 sibila
943 3968 1087 4042 torquent

263 4053 448 4133 infamesque
471 4053 572 4132 rigent
595 4054 683 4131 oculi,
705 4057 865 4132 mentoque
888 4055 944 4114 sub
967 4055 1025 4114 imo

264 4145 437 4220 serpentum
457 4143 599 4203 extremis
616 4142 768 4203 nodantur
785 4144 906 4204 vincula
924 4136 1039 4204 caudis'
1057 4143 1177 4205 Servius
1194 4145 1274 4206 Dan.

196 4252 259 4310 292
285 4246 329 4326 et]
354 4269 388 4310 ac
407 4250 524 4310 Nonius
540 4251 604 4310 466
674 4249 952 4311 TENVESM2Rb
1044 4254 1106 4311 293
1126 4270 1217 4311 cauae
1236 4272 1274 4320 m,

126 4339 278 4399 Beothius
369 4341 434 4401 294
461 4339 556 4399 Irruit
583 4334 612 4418 (r
634 4357 684 4413 pr.
707 4342 740 4399 in
765 4331 881 4421 ras.)b
949 4340 1121 4400 diuerberat
1139 4343 1208 4401 blm

124 4445 214 4488 auras
238 4429 389 4490 nemeaea
