3038 4964
224 1006 387 1071 Absoluta
405 1006 538 1092 genuini
551 1003 690 1090 Vergilii
708 1003 928 1089 recognitione
946 1026 986 1067 ne
1005 1002 1051 1067 eis
1074 1002 1202 1086 quidem
1221 1025 1282 1067 car·

137 1114 287 1199 minibus,
310 1136 391 1196 quae
410 1114 532 1197 partim
551 1117 638 1176 certa
661 1112 921 1176 testimoniorum
940 1111 1028 1196 fides,
1050 1110 1169 1194 partim
1193 1114 1285 1173 vetus

137 1220 324 1304 superstitio
354 1220 456 1284 eidem
484 1218 615 1303 tribuit,
646 1219 778 1283 iteratas
811 1240 903 1282 curas
936 1239 1023 1281 meas
1051 1216 1159 1280 deesse
1187 1216 1284 1280 volui.

136 1348 211 1390 nam
241 1327 274 1389 in
306 1326 358 1390 his
390 1325 598 1410 potissimum
626 1325 705 1388 artis
734 1347 772 1389 ex
800 1328 892 1408 parte
921 1325 1111 1388 immaturae
1138 1322 1285 1406 reliqniis

137 1433 276 1518 pessima
299 1433 360 1497 fide
384 1432 512 1497 traditis
540 1432 645 1496 multa
673 1432 888 1496 recentiorum
911 1431 1080 1495 hominum
1104 1429 1285 1493 subtilitate

136 1540 188 1604 vel
207 1563 224 1603 a
243 1539 442 1604 coniectandi
461 1538 612 1623 periculis
632 1539 792 1603 vindicata
810 1539 862 1603 vel
880 1538 1022 1602 feliciore
1046 1541 1164 1601 conatu
1183 1558 1307 1610 emen,

136 1648 211 1712 data
234 1651 320 1731 sunt,
344 1651 380 1710 ut
404 1658 498 1730 quenr
521 1669 607 1710 nunc
624 1667 772 1730 propono
795 1650 904 1710 textus
924 1644 1093 1710 admodum
1113 1644 1153 1709 ab
1173 1666 1210 1708 eo
1230 1644 1285 1727 qui

135 1755 168 1818 in
184 1754 351 1838 proecdosi
367 1753 578 1816 exhibebatur
593 1752 738 1816 diversus
759 1753 904 1816 evaserit.
934 1752 1074 1816 Culicem
1094 1751 1285 1815 coniecturis

137 1860 300 1943 sepultum
335 1858 376 1922 ad
406 1880 525 1921 novam
555 1858 647 1941 quasi
679 1858 783 1922 lucem
818 1858 970 1922 excitavit
1003 1857 1183 1922 Fridericns
1210 1857 1286 1942 hec,

137 1965 329 2047 Catalepton
352 1964 559 2047 potissimum
581 1964 756 2028 versiculos
782 1964 868 2028 haud
892 1988 1010 2048 paucos
1035 1966 1085 2030 vel
1109 1965 1286 2030 illustravit

137 2073 188 2136 vel
206 2071 351 2135 restituit
370 2069 533 2135 Francisci
551 2070 738 2135 Buecheleri
757 2071 922 2156 ingenium
946 2076 979 2136 et
998 2072 1150 2137 doctrina.
1185 2096 1285 2138 acces·

138 2183 249 2243 serunt
272 2179 394 2243 codices
419 2177 577 2262 incogniti
601 2177 714 2262 adhuc,
736 2176 873 2242 Roberti
892 2178 1001 2243 Ellisii
1020 2180 1158 2243 maxime
1178 2180 1284 2245 studio

137 2286 277 2371 excussi,
307 2287 391 2349 inter
415 2306 496 2368 quos
525 2306 608 2348 unus
638 2285 766 2370 saltem,
794 2283 1016 2349 Corfinianum
1044 2286 1128 2371 dico,
1161 2287 1217 2350 uni
1241 2287 1287 2350 in-

138 2393 252 2476 primis
281 2390 400 2457 Oulicis
429 2393 501 2457 loco
527 2390 568 2477 (v.
589 2391 669 2477 366)
699 2414 773 2457 vere
804 2392 944 2456 divinam
977 2392 1089 2456 attulit
1116 2392 1284 2457 medelam:
1372 2380 1388 2405 ⁶

137 2499 209 2564 vide
224 2498 417 2585 Cambridge
431 2499 569 2564 Journal
589 2500 626 2563 of
639 2497 812 2584 Philology
834 2501 917 2565 1887
938 2522 967 2582 p.
986 2500 1049 2563 153
1064 2522 1132 2583 sqq.
1153 2504 1184 2564 et
1199 2498 1285 2564 Clas-

139 2608 217 2672 sical
239 2606 368 2672 Review
387 2607 435 2671 Vl
460 2609 545 2671 1892
569 2630 598 2691 p.
619 2608 683 2671 203
695 2629 763 2690 sqq.
795 2606 849 2669 sed
868 2604 1008 2670 Aemilio
1028 2606 1210 2692 Baehrenti‚
1230 2608 1285 2691 qui

137 2715 216 2777 satis
240 2715 306 2777 fere
328 2714 478 2777 habuerit
502 2736 588 2778 meas
607 2715 715 2797 copias
735 2714 768 2776 in
788 2736 883 2777 usum
906 2736 1000 2778 suum
1018 2718 1212 2801 convertere,
1235 2713 1285 2778 vel

136 2821 220 2884 nihil
243 2820 294 2883 vel
321 2820 516 2904 paucissima
543 2843 593 2884 me
621 2821 736 2884 debere
763 2821 927 2885 confiteor.
973 2821 1110 2904 denique
1134 2820 1229 2884 Diras
1253 2825 1286 2884 et

138 2926 272 3009 Lydiam
302 2925 377 2990 huic
405 2927 572 3011 appendici
600 2927 747 3013 adiunxi,
778 2949 818 2991 ne
846 2927 985 3011 opellam
1011 2950 1115 2992 meam
1146 2927 1223 2991 olim
1251 2928 1286 2991 in

138 3032 191 3095 his
211 3033 407 3096 carminibus
425 3033 566 3117 positam
585 3033 748 3117 praeclara
767 3034 1001 3117 sospitatorum
1019 3034 1219 3099 noviciorum
1238 3035 1285 3097 in-

137 3143 235 3202 venta
258 3139 359 3202 nimia
382 3140 554 3204 obruerent
578 3140 749 3205 oblivione.

228 3243 377 3309 Ceterum
392 3245 623 3332 Prolegomena
642 3247 827 3331 appendicis
846 3252 989 3332 repetere
1007 3271 1064 3332 per
1082 3248 1284 3312 condiciones

136 3351 233 3416 huius
256 3352 408 3417 editionis
432 3376 499 3418 non
520 3354 621 3419 licuit.
662 3357 772 3438 itaque
794 3378 835 3419 ne
854 3356 892 3420 de
909 3355 1003 3419 libris
1024 3356 1152 3439 quidem
1175 3378 1283 3420 manu-

137 3461 265 3543 scriptis
284 3460 461 3544 pleniorem
480 3461 631 3525 notitiam
649 3461 702 3525 hic
720 3463 875 3545 requiras,
914 3461 1050 3526 aliorum
1069 3463 1237 3548 diligentia
1256 3464 1284 3528 si

137 3568 214 3650 quid
241 3568 318 3631 novi
341 3568 463 3654 attulit,
487 3569 571 3651 quod
596 3569 698 3633 bonae
721 3570 825 3655 frugis
855 3573 949 3654 esset,
972 3575 1065 3654 grato
1090 3572 1196 3636 animo
1221 3570 1283 3635 col·

136 3673 211 3760 legi,
229 3675 363 3739 collecta
382 3679 490 3739 tamen
507 3697 573 3740 non
591 3677 698 3761 effudi,
716 3677 770 3740 sed
784 3700 880 3760 parca
898 3699 995 3741 manu
1015 3678 1055 3740 ad
1073 3678 1283 3762 supplendam

137 3781 368 3864 supellectilem
391 3781 536 3847 criticam
558 3782 611 3848 hic
633 3782 701 3848 illic
724 3783 865 3850 adhibui.

603 4088 813 4101 mov—⁶·-
