3016 4966
612 379 760 436 Veserm
779 378 912 434 AENEIS
930 379 943 432 I

267 546 392 612 Aeneas
416 546 476 631 ait,
499 549 532 608 et
554 543 687 628 fastigia
711 543 845 627 suspicit
868 543 967 607 urbis.

268 654 366 718 infert
384 674 424 735 ‘se
448 656 578 735 saeptus
601 650 719 715 nebula
742 649 903 737 (mirabile
926 647 1028 736 dictu)

268 783 325 845 per
348 759 470 824 medios
493 759 669 842 miscetque
692 759 787 843 viris,
809 780 913 842 neque
936 758 1077 822 cernitur
1101 760 1167 824 ulli.
1295 778 1347 828 410

317 920 423 985 Lucus
447 921 482 984 in
505 920 584 984 urbe
606 919 670 983 fuit
692 918 809 1003 media,
831 918 1027 983 laetissimus
1051 921 1198 1006 umbrae,

272 1051 335 1113 quo
358 1029 499 1113 primum
522 1027 633 1092 iactati
656 1026 750 1090 undis
774 1030 806 1089 et
830 1025 959 1089 turbine
982 1025 1081 1090 Poeni

271 1135 407 1200 effodere
429 1136 500 1200 loco
524 1134 653 1219 signum
677 1133 763 1217 quod
785 1134 874 1219 regia
896 1133 977 1197 Iuno

271 1247 482 1328 monstrarat,
505 1244 600 1325 caput
624 1241 706 1305 aeris
730 1241 817 1324 equi:
841 1241 887 1305 sic
909 1262 984 1305 nam
1007 1243 1076 1305 fore
1099 1242 1185 1306 bello

174 1377 178 1385 ·
271 1350 433 1436 egregiam
456 1353 488 1413 et
511 1348 636 1413 facilem
659 1348 747 1411 victu
770 1370 826 1431 per
850 1348 976 1412 saecula
999 1353 1136 1433 gentem.
1297 1368 1350 1418 445

271 1456 324 1520 hic
347 1455 503 1539 templum
525 1455 642 1519 Iunoni
666 1455 780 1538 ingens
805 1452 936 1518 Sidonia
958 1453 1042 1519 Dido
1142 1484 1146 1494 ·

209 1583 220 1602 ·
272 1563 443 1649 condebat,
465 1561 558 1626 donis
582 1561 771 1645 opulentum
794 1566 826 1626 et
848 1562 979 1625 numine
1002 1562 1107 1648 divae,

275 1693 367 1737 aerea
390 1669 441 1735 cui
465 1669 618 1754 gradibus
642 1669 818 1753 surgebant
841 1666 954 1733 limina
977 1691 1138 1754 nexaeque

275 1800 346 1842 aere
369 1776 492 1860 trabes,
514 1776 639 1840 foribus
663 1775 756 1840 cardo
781 1774 938 1840 stridebat
961 1777 1058 1840 ainis.

273 1886 335 1949 hoc
358 1883 500 1968 primum
522 1883 557 1946 in
578 1883 651 1947 luco
674 1905 758 1947 nova
781 1905 832 1946 res
856 1882 966 1947 oblata
988 1883 1136 1949 timorem
1301 1903 1353 1951 450

274 1982 382 2077 leniiti
404 1991 456 2055 hic
478 1991 619 2074 primum
642 1989 766 2081 Aeneas
790 2012 917 2072 sperare
941 1990 1079 2056 salutem

275 2120 372 2163 ausus
396 2102 428 2162 et
451 2098 588 2164 adflictis
612 2097 726 2162 melius
749 2097 905 2162 confidere
928 2097 1032 2162 rebus.

298 2382 466 2419 reermorun.
513 2367 565 2416 438
585 2363 627 2416 ‘et
650 2404 656 2416 .
677 2407 683 2416 .
704 2404 710 2415 .
734 2361 822 2415 urbis’
844 2360 952 2417 Nonius
972 2367 1081 2428 400,13
1187 2370 1239 2418 439
1260 2365 1358 2421 ‘infert

211 2436 405 2493 ...nebula’
435 2435 546 2489 Servius
565 2435 634 2488 Aen.
652 2433 691 2487 lV
710 2438 762 2487 515
852 2439 905 2488 440
924 2432 1091 2504 ‘miscetque
1112 2478 1117 2489 .
1138 2478 1144 2490 .
1164 2478 1170 2489 .
1190 2436 1253 2490 ulli’
1281 2437 1357 2508 Apu·

211 2509 283 2564 laius
302 2508 337 2562 de
356 2508 547 2571 1144844411
569 2504 671 2560 schem.
687 2503 762 2560 dian.
782 2523 808 2574 p.
825 2510 859 2559 ’16
869 2503 903 2558 Η.
960 2506 1063 2574 ‘neque
1077 2524 1100 2562 c.
1115 2505 1178 2559 ulli’
1199 2508 1356 2563 Arusianus

211 2581 263 2635 VII
281 2579 378 2634 46111.
451 2583 502 2632 441
523 2576 558 2630 de
577 2575 642 2631 dub.
657 2593 730 2632 nom.
745 2575 772 2630 V
785 2576 876 2637 48311.
899 2575 1083 2630 ‘laetissimus
1098 2579 1137 2633 u.'
1158 2578 1271 2634 Servius
1286 2582 1358 2637 Aen.

211 2651 248 2705 Xt
269 2655 321 2705 338
393 2656 444 2704 447
466 2647 558 2703 ‘donis
573 2648 610 2703 o.’
626 2648 779 2702 Arusianus
795 2648 951 2703 vl14seK.
1010 2653 1062 2703 448
1073 2667 1113 2714 sq.
1128 2649 1236 2704 Probus
1247 2657 1271 2717 9,
1283 2657 1316 2707 29
1324 2651 1357 2708 Κ.

282 2726 335 2778 448
356 2722 450 2777 ‘aerea
469 2765 474 2778 .
495 2763 501 2776 .
522 2763 528 2775 .
547 2718 658 2773 limina’
688 2718 795 2773 Nonius
815 2725 875 2786 316,
891 2725 924 2773 82
952 2719 1064 2774 Servius
1087 2720 1156 2776 Aen.
1177 2720 1286 2777 111138

211 2799 264 2848 449
285 2793 404 2849 ‘foribus
424 2837 430 2848 .
451 2834 457 2848 .
478 2833 484 2845 .
504 2790 593 2845 aenis’
614 2789 737 2844 Isidorus
756 2789 826 2859 orig.
846 2789 1020 2860 1111121111
1100 2797 1153 2846 450
1164 2810 1206 2861 sq.
1227 2793 1292 2848 ‘hoc
1307 2839 1312 2851 .
1329 2794 1358 2851 .'.

214 2864 307 2920 leniit'
336 2863 449 2921 Servius
472 2864 541 2918 Aen.
561 2862 644 2915 1463
735 2867 787 2916 452
808 2863 849 2916 ‘et
867 2906 873 2917 .
894 2905 900 2918 .
921 2905 926 2916 .
946 2862 1040 2916 rebus'
1066 2862 1174 2917 Nonius
1194 2869 1286 2934 2625

301 3158 396 3200 varrus
409 3157 531 3200 anemo.
567 3139 753 3199 440-460.
769 3140 830 3198 461
840 3140 942 3200 -481
956 3139 987 3196 F
1002 3138 1132 3212 [4411111
1201 3142 1266 3202 440
1279 3145 1360 3203 ne⁰c

258 3232 320 3290 441
350 3228 517 3289 ΠΜΒΒΑΕ
545 3228 584 3306 (E
609 3220 697 3309 crea)
716 3229 747 3286 F
772 3227 914 3289 VMBRA
936 3227 1092 3308 MPRybc,
1124 3233 1159 3289 dc
1189 3231 1255 3290 dub.
1283 3248 1359 3307 eom.

213 3316 279 3380 ‘aet
299 3321 438 3394 septimus
460 3336 546 3385 cesus
564 3322 605 3378 est
623 3322 675 3377 aut
691 3319 848 3377 secundum
866 3319 994 3377 Probum
1009 3320 1165 3390 genetivus,
1188 3324 1221 3378 at
1237 3322 1276 3380 sit
1297 3320 1359 3381 lae·

213 3407 349 3469 tissimus
372 3400 508 3467 umbrae’
530 3406 664 3468 Servate:
690 3407 814 3466 umbrae
843 3409 919 3467 idern
940 3407 981 3465 ad
1003 3407 1046 3465 XI
1070 3408 1133 3467 338
1162 3411 1361 3477 commentare

214 3500 327 3558 videtur
438 3498 502 3557 443
532 3498 610 3575 loco,
634 3497 753 3573 signum
781 3496 862 3572 quod
889 3498 1020 3555 distinxit
1045 3495 1165 3557 Ser-vius
1191 3499 1270 3558 Dea.
1286 3483 1322 3519 Ὗ

215 3590 279 3646 444
299 3586 488 3646 monstrabat
502 3578 535 3666 (b
554 3605 627 3646 corr.
646 3589 678 3646 ie
692 3577 722 3667 r)
736 3608 754 3664 y
822 3584 939 3644 actus
954 3603 989 3643 m.
1002 3587 1020 3643 2
1036 3604 1100 3660 sep.
1112 3587 1142 3643 F
1211 3586 1361 3646 SIGNAM

216 3714 332 3773 neam
364 3711 521 3772 sreunu
544 3705 582 3791 (e
604 3702 683 3793 ap.)
703 3711 742 3769 n
772 3708 893 3770 sieut
914 3702 967 3793 (n
989 3702 1068 3791 44.)
1088 3711 1116 3769 e
1141 3680 1226 3789 nina
1242 3713 1279 3772 aa
1305 3713 1362 3791 ug-

216 3806 285 3899 nim
308 3861 327 3917 γ
351 3837 434 3914 tign‘.
455 3839 490 3896 bl
520 3836 643 3914 [ign.-m
662 3840 699 3894 nl
726 3835 842 3913 tignum
865 3859 882 3912 χ
972 3838 1035 3896 445
1061 3836 1178 3895 facilem
1194 3830 1362 3910 ‘copiosam

218 3919 346 3990 divitan'
373 3930 578 4002 interpretetur
604 3925 722 3985 Servius
745 3924 824 3984 Dea.
849 3927 884 3996 cs.
909 3922 983 3983 Aca.
1003 3925 1078 3984 VlII
1103 3927 1166 3985 318
1184 3944 1226 3999 94.
1250 3925 1362 3986 11460

306 4017 481 4078 victum..
507 4013 621 4092 ,genti
654 4016 724 4074 cont.
752 4010 880 4073 Ketiete
915 4016 976 4072 122
1087 4013 1255 4074 ‹146an
1283 4034 1298 4074 c

219 4147 281 4204 444
308 4112 438 4221 soffri
537 4140 601 4198 444
616 4157 656 4212 sq.
677 4141 713 4212 cs.
732 4139 819 4197 nan.
837 4161 857 4216 η
878 4140 928 4199 ea
949 4141 989 4199 ee
1105 4141 1168 4199 444
1193 4139 1279 4198 nixae
1298 4141 1365 4219 arx,

217 4235 332 4293 Probus
354 4226 448 4289 ‘metti
466 4228 553 4287 nixae
574 4229 677 4301 tegant,
701 4246 759 4286 non
782 4247 874 4287 nexae
892 4228 1011 4288 Servius
1025 4229 1104 4288 Dan.
1174 4248 1231 4305 que
1255 4247 1309 4287 oia.
1324 4252 1365 4309 ya

220 4317 332 4382 ‘veens
353 4336 423 4380 sanc
445 4319 641 4391 hypenemia
665 4310 719 4375 cst'
742 4315 820 4376 Seri.
842 4319 919 4376 Dua.
1011 4317 1142 4379 4501N
1161 4336 1197 4376 m.
1216 4320 1313 4392 trip.
1328 4320 1366 4391 F,

169 4476 172 4478 ,
218 4412 323 4473 babeat
344 4409 440 4471 Servii
462 4407 579 4482 exempl.
669 4409 731 4468 451
757 4406 880 4465 LENIT
903 4408 949 4467 Rc
1015 4406 1083 4467 HIO
1105 4409 1366 4483 erepr.m.ant.1t
