3038 4964
723 367 850 424 cutax.

308 534 447 619 pendula
468 533 621 618 proiectis
644 535 820 616 carpuntur
843 535 875 595 et
898 531 1013 596 arbuta
1036 530 1134 595 ramis

210 670 214 677 ·
310 643 471 726 densaque
493 640 645 726 virgultis
668 639 759 705 avida
781 638 930 704 labrusca
952 642 1116 723 petuntur.

310 750 388 814 haec
410 770 566 833 suspensa
584 748 670 831 rapit
693 749 842 830 carpente
866 746 1030 811 cacumina
1051 767 1164 810 morsu

311 856 361 920 vel
384 855 490 920 salicis
513 855 618 919 lentae
641 854 692 919 vel
715 875 796 942 quac
818 875 902 918 nova
924 853 1068 917 nascitur
1091 852 1202 939 alnus,
1370 873 1405 920 00

310 962 388 1027 haec
411 966 537 1028 teneras
560 948 844 1026 fruticum*sentes
868 959 1013 1045 rimatur,
1036 960 1151 1024 stilla

311 1069 457 1134 imminet
480 1069 514 1133 in
537 1068 608 1153 rivi,
630 1067 825 1152 praestantis
849 1067 1009 1153 imaginis,
1033 1067 1160 1132 undam.

310 1176 432 1242 talibus
455 1177 489 1240 in
512 1175 628 1240 studiis
652 1176 766 1241 baculo
790 1175 866 1239 dum
888 1175 985 1241 nixus
1008 1175 1132 1259 apricas
1367 1196 1403 1243 98

310 1288 423 1368 pastor
447 1284 516 1369 agit
538 1306 630 1349 curas
655 1287 687 1348 ct
711 1284 786 1348 dum
808 1304 876 1347 non
898 1286 967 1347 arte
990 1304 1106 1348 canora

272 1402 274 1408 ’
311 1395 476 1475 compacta
499 1390 631 1455 solitum
654 1391 839 1455 modulatur
861 1388 1039 1454 harundine
1062 1411 1205 1453 carmen:
1351 1409 1403 1457 100

311 1497 414 1561 tendit
438 1497 600 1561 inevectus
623 1495 730 1561 radios
754 1493 952 1580 Hyperionis
976 1495 1070 1559 ardor
1095 1508 1129 1618 'p

310 1604 479 1687 lucidaque
502 1602 644 1668 aetherio
669 1603 762 1688 ponit
785 1603 970 1668 discrimina
992 1602 1141 1667 mundo.

311 1734 375 1795 qua
393 1710 469 1775 iacit
491 1710 652 1775 Oceanum
675 1710 820 1776 flammas
844 1711 878 1775 in
902 1714 1073 1796 utrumque
1096 1734 1238 1794 rapaces.
1349 1731 1401 1779 103

356 1817 382 1882 Ο
406 1817 491 1882 bona
514 1817 654 1900 pastoris
679 1815 797 1903 (siquis
820 1839 886 1882 non
909 1802 1058 1901 pauperis
1083 1839 1179 1882 usum
1366 1837 1402 1885 08

311 1928 416 1990 mente
440 1924 546 1989 minus
569 1923 663 1989 docta
681 1923 827 1989 fastidiat
850 1923 1022 2008 ct'probet
1044 1923 1110 1988 illis

312 2032 436 2096 somnia
457 2031 603 2096 luxuriae
628 2029 771 2119 spretis),
793 2031 958 2118 incognita
981 2032 1075 2115 caris,
1366 2051 1403 2100 sc

312 2163 393 2225 quae
415 2140 557 2206 lacerant
580 2139 690 2205 avidas
713 2139 843 2204 inimico
867 2143 996 2223 pectore
1018 2141 1155 2204 mentes!
1274 2189 1279 2199 .

334 2328 375 2386 53
400 2325 517 2385 Nonius
540 2345 569 2401 p.
586 2327 659 2391 211,
675 2326 716 2383 24
741 2325 879 2384 labrusca
901 2328 1017 2384 ueratro.
1040 2322 1204 2401 'Vergilius
1224 2324 1256 2383 in
1280 2324 1404 2385 Oulico:

245 2409 418 2492 ‘densaque’
442 2434 467 2476 0.
491 2435 518 2491 q.
543 2434 566 2473 s.

245 2522 308 2529 ,m
314 2521 369 2526 κ...
378 2519 457 2525 ’,η-4

243 2581 408 2655 perrepunt
431 2578 560 2637 chbns
627 2576 711 2652 rupis
740 2576 765 2635 V
796 2576 871 2652 ripis
895 2576 930 2634 Η
1017 2578 1058 2635 52
1091 2576 1182 2654 raris,
1213 2578 1247 2635 r'n
1268 2595 1328 2651 my.
1354 2596 1404 2637 ra·

244 2669 300 2727 mis
321 2664 351 2724 Γ
429 2668 469 2726 53
494 2666 590 2742 petita
613 2669 660 2724 est
680 2666 711 2724 H
733 2669 878 2741 petuntur
900 2666 1017 2726 Nonius
1040 2671 1159 2725 testatur
1235 2668 1276 2725 55
1296 2666 1358 2727 Vel
1374 2667 1404 2727 G

244 2757 307 2816 Hec
332 2755 397 2814 HV
426 2755 508 2814 Haeo
537 2753 577 2828 Ψ,
610 2756 660 2814 sed
687 2757 797 2814 iiitcrac
820 2754 849 2811 H
876 2773 934 2814 non
961 2757 1045 2814 solita
1072 2757 1170 2828 forma
1196 2757 1228 2812 in
1253 2755 1283 2812 B

246 2849 285 2907 56
320 2846 447 2904 miratur
472 2845 500 2904 G
617 2846 658 2902 57
692 2843 800 2903 intuici
827 2836 882 2923 (an
910 2838 1058 2926 intuitui)
1081 2846 1111 2902 Γ
1140 2848 1170 2903 at
1201 2844 1263 2903 riui
1287 2845 1323 2903 Η
1356 2847 1402 2905 in-

244 2936 325 3014 rigui
350 2934 480 3009 Scalipcr
570 2933 731 3010 perstantis
756 2930 787 2991 Γ
814 2931 934 3009 mantis
959 2934 986 2995 V
1016 2933 1183 3010 praestanti
1211 2933 1256 2992 eei
1288 2954 1403 3012 prope·

244 3026 325 3085 ranti
347 3024 477 3099 Seaiiper
508 3023 698 3101 properantis
721 3023 874 3083 Baehrens
970 3023 1114 3101 marginis
1143 3022 1273 3095 Seaiipcr
1347 3045 1404 3084 un-

245 3114 300 3175 dae
323 3112 452 3189 Seaiipcr
479 3113 568 3174 ulvas
596 3114 747 3186 Hanpiins
821 3114 929 3172 Versus
948 3114 1107 3174 98-103
1131 3116 1199 3187 posi
1217 3113 1259 3172 57
1283 3132 1400 3187 penen-

245 3206 296 3264 dos
324 3222 384 3264 csse
411 3205 604 3263 dmonstravi
632 3221 702 3262 arins.
727 3202 818 3261 iiten.
838 3201 941 3262 XVIII
962 3222 994 3277 p.
1022 3205 1083 3262 102
1094 3220 1150 3276 aa:
1177 3203 1331 3279 culpatum
1354 3222 1402 3263 or-

245 3296 339 3354 dinem
358 3294 426 3352 libri
449 3297 572 3359 tuentur,
600 3293 649 3352 sed
671 3295 702 3351 in
721 3291 750 3348 B
770 3311 794 3350 0.
816 3294 856 3352 98
885 3310 951 3359 non,
980 3296 1013 3351 nt
1038 3293 1107 3351 00707
1124 3293 1157 3350 in
1181 3293 1285 3365 capitis
1314 3294 1403 3353 initio

244 3385 324 3454 ficri,
351 3386 437 3455 aione
463 3382 573 3442 0104
602 3383 757 3455 insipniias
785 3386 825 3441 asi
853 3382 1045 3456 amplioribus
1071 3383 1256 3454 miniatisqnc
1282 3380 1403 3444 litteris.

240 3476 395 3546 practerea
421 3490 448 3530 0.
468 3473 509 3531 98
524 3489 565 3545 sq.
593 3471 694 3531 ordine
719 3473 833 3531 inverso
860 3473 892 3530 in
922 3471 955 3531 V.
991 3472 1169 3531 intercedunt
1195 3473 1293 3529 autern
1321 3474 1402 3530 inter

244 3579 269 3619 0.
290 3562 331 3620 57
360 3565 385 3618 ct
415 3560 477 3619 104
511 3579 612 3620 vasus
639 3561 850 3634 quadruplata,
881 3564 913 3618 nt
943 3561 1042 3634 facitis
1071 3563 1234 3619 coniectura
1260 3560 1300 3617 sit
1328 3566 1403 3635 post

244 3653 387 3722 inreprnm
409 3650 516 3732 folium¹
535 3667 585 3709 sen
607 3650 673 3710 77700
690 3668 710 3709 0
728 3651 851 3710 librario
872 3652 1063 3724 transpositos
1084 3651 1182 3722 fnisse.
1218 3665 1338 3708 arraona
1363 3651 1400 3709 li-

245 3741 338 3798 centia
360 3740 392 3796 in
415 3742 469 3798 ioio
492 3740 543 3798 noe
561 3741 620 3798 ioco
636 3743 790 3813 prassatns
808 3743 848 3799 esi
866 3738 996 3812 Scaiioer
1073 3740 1113 3797 98
1137 3737 1274 3796 dulcibus
1288 3738 1400 3800 Eseor.

311 3827 442 3904 apricam
464 3827 491 3886 V
511 3821 698 3911 (apricansi)
778 3831 817 3888 99
842 3824 958 3904 pastor]
982 3828 1061 3887 letus
1083 3827 1185 3887 Escor.
1263 3829 1330 3888 100
1351 3848 1401 3889 so·

245 3955 334 4014 litum
354 3951 382 4011 A
406 3952 536 4013 solidum
558 3955 593 4010 Ψ
714 3955 775 4013 103
800 3923 875 4024 (laia
897 3955 967 4013 m.1
993 3957 1024 4012 at
1047 3955 1113 4019 rid,
1137 3951 1261 4020 Quam.
1284 3970 1343 4013 rec.
1369 3955 1401 4012 B

308 4061 435 4103 oceanus
454 4044 484 4102 Γ
547 4045 587 4103 59
613 4043 711 4102 minus
728 4044 871 4102 Heinsius
893 4043 976 4120 prins
996 4031 1034 4101 n'
1094 4041 1176 4100 illis
1248 4044 1291 4102 60
1317 4063 1399 4103 som·

243 4133 295 4192 nia
319 4134 469 4207 ilaaptius
496 4129 604 4191 Omnia
627 4132 671 4210 si,
704 4134 830 4207 defendit
856 4151 921 4192 enm
949 4133 1046 4191 Leone
1074 4131 1221 4190 Votienus
1249 4132 1309 4190 ind.
1336 4134 1401 4194 ieci.

246 4224 343 4300 1894,
360 4240 393 4296 p.
414 4222 464 4299 15,
486 4223 537 4282 sed
560 4223 695 4295 exemplis
717 4241 788 4282 nsns
811 4223 916 4281 alicnis
939 4239 1064 4281 munera
1085 4220 1218 4292 Sillipins
1311 4241 1400 4299 spre-

244 4313 321 4460 tisdia
346 4307 426 4460 spgrlsl
429 4311 456 4372 V
476 4313 599 4389 prastus
613 4314 643 4370 Γ
661 4311 765 4388 pretiis
790 4314 825 4371 Ψ
842 4311 945 4389 prauis
964 4311 1069 4370 Escur.
1146 4312 1185 4370 61
1207 4308 1303 4371 nimia
1323 4331 1401 4391 cup-

245 4420 282 4477 pa
315 4419 352 4460 na
426 4419 452 4461 is
