3060 4966
239 368 304 430 620
626 366 771 422 vuuelul
789 366 923 422 AENlllS
946 369 1006 422 b'lll

306 532 379 596 inde
404 533 459 598 alii
482 534 597 600 Troiae
619 553 776 617 proceres,
799 531 868 615 ipse
891 532 1017 616 agmine
1039 531 1146 596 Pallas

304 639 340 702 in
362 640 477 727 medio,
500 638 667 723 chlamyde
691 643 722 703 et
746 639 842 722 pictis
866 643 1056 723 conspectus
1079 640 1115 703 in
1137 641 1247 704 armis:

306 746 409 830 qualis
433 747 490 811 ubi
513 745 631 811 Oceani
653 745 802 829 perfusus
826 743 953 809 Lucifer
976 745 1071 831 unda,

306 877 401 938 quem
423 853 534 920 Venus
558 857 632 918 aute
656 853 737 917 alios
761 856 922 916 astrorum
946 852 1054 939 diligit
1077 852 1177 939 ignis,
1334 873 1387 919 590

305 962 422 1026 extulit
446 984 482 1027 os
506 983 631 1026 sacrum
655 959 742 1024 caelo
765 960 979 1043 tenebrasque
1002 959 1144 1024 resolvit.

307 1072 396 1133 stant
419 1069 551 1153 pavidae
575 1068 609 1131 in
632 1067 733 1131 muris
756 1071 876 1131 matres
900 1066 1065 1151 oculisque
1088 1072 1239 1133 secuntur

305 1176 489 1261 pulveream
512 1176 630 1240 nubem
654 1179 686 1238 et
709 1174 865 1260 fulgentis
889 1196 961 1238 aere
984 1180 1135 1239 catervas.

306 1283 363 1347 olli
385 1306 442 1368 per
466 1282 589 1368 dumos,
613 1304 677 1366 qua
699 1302 858 1365 proxuma
880 1285 966 1345 meta
989 1280 1122 1366 viarum,

305 1391 421 1455 armati
444 1390 594 1473 tendunt3
618 1389 645 1453 it
668 1389 798 1475 clamor,
820 1393 852 1452 et
874 1388 1000 1473 agmine
1018 1389 1103 1453 facto
1186 1379 1190 1386 ¹
1333 1408 1386 1455 eea

305 1495 566 1579 quadrupedante
589 1500 716 1580 putrem
739 1495 848 1559 sonitu
873 1496 979 1579 quatit
1002 1496 1123 1581 ungula
1146 1517 1301 1580 campum.

306 1605 355 1666 est
379 1602 493 1688 ingens
518 1602 659 1689 gelidum
683 1601 774 1666 lucus
797 1624 897 1686 prope
920 1600 1057 1667 Caeritis
1082 1624 1216 1688 amnem,

227 1754 230 1759 ,
305 1709 460 1796 religione
482 1712 612 1794 patrum
635 1709 700 1774 late
724 1731 824 1794 sacer3
848 1708 988 1793 undique
1008 1709 1104 1775 colles

305 1816 462 1881 inclusere
485 1817 554 1881 cavi
578 1821 610 1880 et
633 1816 727 1900 nigra
749 1838 862 1880 nemus
887 1816 991 1881 abiete
1015 1817 1157 1902 cingunt.

307 1921 438 1988 Silvano
460 1924 547 1988 fama
570 1928 619 1987 est
643 1928 766 1987 veteres
790 1944 932 1987 sacrasse
955 1923 1119 2010 Pelasgos,
1334 1945 1386 1992 ece
1413 1976 1419 1987 .

306 2053 455 2095 arvorum
477 2032 666 2115 pecorisque
689 2030 757 2115 deo,
780 2030 951 2114 lucumque
974 2031 1131 2118 diemque,

306 2138 362 2222 qui
385 2137 483 2222 primi
505 2138 580 2203 finis
605 2137 776 2222 aliquando
799 2137 939 2203 habuere
963 2137 1112 2203 Latinos:

303 2243 383 2309 haut
407 2245 519 2329 procul
541 2244 617 2309 hinc
640 2244 763 2308 Tarcho
788 2249 820 2308 et
843 2245 1001 2328 Tyrrheni
1025 2250 1097 2310 tuta
1121 2246 1274 2310 tenebant

304 2358 410 2417 eastra
432 2352 523 2438 loeis,
545 2353 694 2435 celsoque
718 2352 822 2415 omnis
846 2352 885 2415 de
909 2353 989 2416 colle
1013 2354 1112 2417 videri
1149 2348 1151 2351 ’

304 2460 368 2524 iam
392 2462 520 2542 poterat
542 2459 637 2544 legia,
660 2463 692 2522 et
715 2457 791 2522 latis
816 2459 967 2523 tendebat
991 2460 1026 2523 in
1048 2460 1142 2524 arvis.
1333 2479 1385 2525 ecs

237 2623 432 2630 ..ψη-,β
446 2624 448 2627 ,

325 2726 491 2762 rrsrmoum.
526 2711 665 2760 889-891
686 2704 846 2760 Macrobius
863 2705 918 2759 Sat.
932 2707 952 2758 V
965 2711 989 2773 8,
1002 2712 1035 2760 10
1107 2712 1167 2761 889.
1184 2712 1233 2762 891
1247 2706 1280 2762 cs.
1297 2706 1384 2761 Iulias

237 2778 413 2848 Capitolinus
431 2778 462 2832 in
480 2778 540 2832 vila
558 2777 706 2831 Maximini
724 2776 842 2831 iunioris
861 2793 883 2831 c.
901 2784 914 2830 1
971 2782 1022 2832 889
1034 2796 1074 2846 sq.
1095 2776 1206 2832 Servius
1222 2779 1288 2833 Aen.
1304 2779 1315 2831 l
1331 2783 1382 2833 889

308 2854 359 2904 889
380 2850 464 2905 schol.
484 2850 550 2904 Hor.
570 2866 652 2903 carm.
669 2848 707 2902 111
725 2855 754 2917 9,
770 2854 802 2903 91
894 2854 946 2903 800
966 2848 1078 2903 Servius
1098 2850 1167 2904 Aen.
1183 2848 1221 2903 lV
1241 2855 1292 2903 130

237 2927 286 2976 891
309 2921 424 2975 ‘extulit
442 2938 473 2975 os
493 2922 524 2976 s.'
546 2921 618 2974 Acro
634 2920 670 2974 ad
689 2920 754 2976 Hor.
775 2919 882 2974 serml
902 2925 927 2987 8,
947 2926 979 2974 21
1071 2926 1124 2975 896
1144 2920 1251 2974 Nonius
1267 2928 1327 2988 272,
1349 2927 1382 2975 18

236 2992 412 3046 Diomedesl
431 2998 482 3047 499
493 2992 526 3048 Κ.
547 2991 681 3047 Sacerdos
695 2990 734 3045 Vl
753 2997 803 3045 801
819 2990 850 3045 K.
871 2991 969 3060 fragm.
991 2991 1025 3045 de
1049 2993 1130 3046 matr.
1148 2991 1180 3044 Vl
1204 2997 1255 3044 618
1266 2993 1296 3047 Κ.
1322 2992 1382 3046 Ma·

235 3063 345 3117 crebius
366 3063 421 3117 Sat
438 3063 476 3117 Vl
497 3070 525 3128 1,
546 3068 578 3116 99
606 3062 850 3131 ‘quadrupedante
867 3107 871 3116 .
888 3104 893 3116 .
910 3063 1048 3132 ‚ungula’
1071 3062 1208 3116 Sacerdos
1229 3062 1266 3115 Vl
1286 3068 1335 3117 811
1347 3064 1380 3117 K.

305 3139 444 3189 807-601
467 3135 522 3189 ‘est
537 3178 542 3188 .
559 3177 564 3189 .
581 3177 586 3189 .
602 3134 666 3188 deo’
687 3132 846 3188 Macrobius
866 3132 922 3189 Sat.
940 3135 976 3187 lll
995 3140 1020 3197 3,
1040 3139 1056 3187 9
1147 3139 1198 3188 897
1220 3133 1380 3188 Priscianus

234 3213 294 3261 6³3.
315 3211 373 3261 994.
395 3212 464 3260 1172
474 3205 503 3261 P.
573 3211 625 3259 699
645 3204 780 3260 Sacerdos
802 3205 838 3258 Vl
857 3210 908 3258 846
919 3204 950 3258 Κ.
1007 3211 1058 3259 003
1078 3205 1190 3259 Servius
1204 3206 1272 3261 Aen.
1289 3205 1314 3258 X
1329 3211 1381 3260 ‘148

237 3277 324 3330 ‘baud
340 3322 345 3332 .
362 3321 368 3332 .
385 3320 390 3330 .
406 3276 551 3346 Tyrrlreui’
574 3275 685 3331 Servius
705 3280 771 3331 Aen.
789 3275 812 3328 X
829 3283 879 3330 183
967 3281 1018 3329 608
1039 3277 1079 3330 ‘et
1095 3319 1121 3332 ..
1138 3320 1143 3331 .
1159 3275 1246 3331 arvis'
1268 3276 1381 3332 Servius

237 3348 346 3403 Aenll
366 3354 399 3403 29

324 3605 420 3646 vaura
437 3605 558 3649 aromo.
591 3590 654 3650 888
670 3587 714 3665 in]
731 3590 756 3648 it
766 3589 965 3648 Mertleades
977 3589 1016 3647 ad
1024 3587 1112 3647 statu
1125 3587 1258 3662 eiluVl,
1274 3591 1336 3648 245

238 3679 302 3738 890
326 3676 445 3736 IGNES
469 3677 507 3752 (Ε
531 3697 603 3738 corr.
629 3697 661 3737 er
680 3673 708 3754 Ι)
732 3679 760 3736 P
783 3677 868 3754 ignes
885 3680 937 3756 ybe
1049 3679 1110 3737 891
1142 3677 1270 3752 protulit
1297 3678 1382 3737 schol.

237 3768 311 3842 Hor,
402 3768 465 3827 894
490 3767 668 3827 PROXIMA
688 3768 803 3847 MPybe
893 3768 955 3826 896
981 3769 1017 3839 es.
1036 3765 1079 3824 XI
1094 3768 1157 3826 878
1219 3766 1384 3836 QVADRI-

237 3855 424 3915 PEDANTE
444 3858 490 3924 M,
509 3857 600 3916 Nonii
619 3862 645 3915 el
662 3857 810 3915 Macrobii
833 3858 948 3930 excerpi.
969 3861 1082 3930 eccepto
1100 3857 1169 3914 Per.
1187 3859 1215 3932 1,
1229 3856 1384 3915 Diomedes

236 3945 448 4021 pulverulenta
470 3948 508 4020 fr.
533 3948 670 4005 demetr.
748 3949 857 4022 campi
879 3964 916 4004 aa.
940 3962 995 4004 ree.
1016 3947 1081 4004 edd.
1107 3963 1122 4004 c
1222 3947 1283 4005 899
1309 3963 1383 4006 cava

235 4034 375 4095 Sacerdos
419 4035 514 4112 cingit
528 4036 674 4094 Macrobii
687 4037 803 4109 exempl.
869 4037 930 4095 601
948 4053 1088 4111 agrorum
1104 4032 1251 4094 Macrobii
1265 4035 1382 4107 campi.

326 4127 389 4185 602
409 4123 526 4182 FINES
542 4125 587 4190 M,
603 4117 643 4202 (E
658 4142 730 4182 corr.
746 4143 780 4184 ae
794 4122 822 4202 I)
837 4125 865 4182 P
879 4123 954 4183 fines
964 4126 1038 4201 ylbe
1108 4126 1169 4183 603
1191 4119 1382 4181 TAROHON

235 4215 328 4294 MPy:
357 4216 393 4287 ef.
414 4214 477 4274 806
508 4211 622 4272 Tarcho
649 4212 770 4273 Servius
796 4218 915 4273 testetur
1020 4214 1081 4273 608
1112 4215 1148 4272 ut
1175 4211 1246 4271 latis
1274 4213 1382 4279 Faber,

235 4303 379 4363 Berttias
402 4303 441 4361 od
463 4299 550 4361 Statii
575 4302 707 4362 rieux
732 4305 810 4370 887,
835 4305 910 4363 bene.
956 4302 996 4361 In
1020 4304 1253 4377 interpretatione
1279 4302 1384 4360 boram

237 4410 373 4451 versuum
396 4392 487 4451 tuerit
508 4389 628 4453 Servius
