3060 4966
547 416 696 472 VERGILI
716 416 848 471 Ananis
862 417 899 472 lx

215 580 339 645 fallacis
363 580 496 645 silvaei’
521 580 617 644 simul
640 584 673 644 et
696 580 833 666 vestigia
856 584 943 644 retro

217 689 387 753 observata
409 687 490 771 legit
512 686 680 770 dumisque
704 686 875 751 silentibus
899 692 993 751 errat.

220 794 310 860 audit
333 816 443 879 equos,
466 793 557 858 audit
579 794 735 879 strepitus
758 797 791 858 et
815 793 907 880 signa
930 800 1127 878 sequentum.

218 925 276 967 nee
294 902 428 987 longum
447 901 482 965 in
499 900 603 966 medio
623 906 760 986 tempus,
783 922 856 965 eum
873 901 993 966 clamor
1012 901 1051 965 ad
1070 902 1156 967 auris
1245 920 1297 968 306

219 1010 365 1095 pervenit
388 1030 424 1073 ac
447 1007 535 1074 videt
557 1008 745 1093 Euryalum,
769 1030 864 1092 quem
887 1009 951 1073 iam
975 1030 1088 1073 manus
1112 1010 1217 1074 omnis

217 1117 329 1182 fraude
348 1097 415 1181 loci
438 1119 471 1179 et
492 1115 609 1202 noctis,
632 1114 741 1180 subito
765 1114 918 1180 turbante
941 1117 1094 1205 tumultu,

219 1246 409 1309 oppressum
431 1223 517 1306 rapit
541 1227 573 1287 et
595 1227 764 1287 conantem
787 1223 926 1307 plurima
948 1225 1076 1290 frustra.

219 1331 296 1416 quid
319 1330 437 1396 faciat?
462 1330 580 1415 quavi
603 1329 760 1417 iuvenem,
783 1331 901 1415 quibus
925 1331 1040 1396 audeat
1063 1333 1161 1396 armis

220 1439 370 1524 eripere?
387 1459 427 1501 an
451 1459 520 1501 sese
542 1437 664 1501 medios
687 1438 865 1502 moriturus
888 1439 923 1502 in
947 1460 1038 1503 enses
1246 1456 1299 1504 400

220 1546 338 1610 inferat
361 1549 393 1608 et
415 1544 582 1629 pulchram
606 1548 756 1629 properet
779 1567 836 1629 per
859 1545 991 1610 volnera
1013 1547 1172 1611 mortem?

221 1654 310 1718 ocius
334 1653 469 1717 adducto
493 1657 649 1737 torquens
672 1652 791 1717 hastile
812 1653 944 1740 lacerto,

222 1760 399 1844 suspiciens
424 1760 523 1824 altam
546 1763 578 1823 et
596 1759 722 1823 Lunam
745 1758 790 1823 sic
814 1781 891 1825 voce
914 1766 1076 1844 precatur:

245 1988 411 2024 rrsrmorn.
450 1975 501 2023 393
527 1968 629 2039 ‘legit’
656 1969 755 2038 fragm.
781 1969 849 2026 Bob.
874 1970 925 2024 VH
950 1977 1001 2025 642
1017 1971 1051 2026 K.
1143 1977 1195 2026 397
1220 1972 1307 2027 schol.

159 2046 257 2100 Veron.
278 2048 342 2110 102,
363 2041 422 2098 3Κ.
480 2062 486 2079 0
513 2046 565 2095 398
586 2041 631 2094 ‘ac
650 2043 799 2094 conantem
818 2060 845 2110 p.
872 2041 988 2096 fmstra'
1014 2042 1176 2098 Priscianus
1196 2049 1266 2097 1183
1276 2044 1307 2099 Ρ.

228 2119 280 2168 399
300 2111 414 2167 Servius
431 2111 501 2167 Aen.
521 2112 559 2166 IV
579 2117 631 2166 383
722 2116 773 2165 401
796 2113 837 2166 ‘et
857 2156 863 2168 .
880 2154 885 2166 .
902 2157 908 2168 .
927 2116 1062 2169 mortem’
1083 2114 1239 2169 Arusianus
1255 2115 1307 2169 Vll

157 2193 209 2242 602
220 2186 252 2241 K.
309 2182 468 2253 ‘pulchram
484 2228 490 2239 .
507 2225 512 2235 .
529 2228 535 2239 .
550 2185 680 2238 mortem’
697 2186 787 2252 Asper
798 2188 858 2252 116,
874 2189 908 2238 18
918 2184 951 2239 Κ.
1006 2190 1058 2241 402
1074 2186 1181 2241 Nonius
1197 2192 1258 2255 246,
1273 2193 1307 2240 29

157 2258 192 2314 ef.
212 2256 299 2312 schol.
320 2255 421 2311 Veron.
437 2262 497 2326 102,
519 2261 551 2309 10
561 2254 595 2311 Κ.
678 2260 730 2309 403
749 2254 909 2309 Priscianus
924 2262 994 2311 1034
1004 2256 1032 2312 P.

247 2461 344 2504 vaura
365 2460 487 2504 nnorro.
535 2445 598 2503 392
623 2461 660 2502 m.
689 2460 744 2502 rec.
772 2444 804 2503 in
830 2461 887 2518 my.
910 2444 1017 2503 add.c
1107 2444 1199 2504 silvas
1223 2444 1308 2516 Hoff-

157 2552 284 2594 mannns
316 2535 440 2608 0000000.
467 2536 523 2609 18,
556 2535 651 2594 verbis
682 2551 771 2592 rusus
790 2578 798 2592 .
818 2579 824 2592 .
844 2581 851 2592 .
871 2537 953 2594 errat
969 2538 1073 2608 000000
1101 2535 1216 2594 iribniis

363 2646 378 2672 v
620 2627 633 2656 0

160 2678 224 2737 394
240 2678 443 2756 sequentemy
534 2679 596 2738 396
617 2681 719 2764 tumy
811 2678 873 2736 397
893 2675 994 2736 LOCI·
1015 2678 1066 2736 M:
1092 2677 1175 2736 nullu
1207 2678 1308 2750 interp.

159 2770 192 2825 in
219 2765 248 2823 P
277 2758 491 2825 ‘Haterianus
525 2766 630 2825 fraude
662 2764 720 2825 loci
752 2770 846 2839 potest
870 2784 927 2839 per
954 2785 984 2827 se
1016 2768 1083 2841 ispi,
1116 2767 1217 2826 deinde
1244 2767 1309 2826 snb-

159 2857 241 2929 00000
269 2857 300 2913 00
328 2855 424 2913 noctis
452 2854 551 2914 subito
581 2860 602 2914 0.
626 2858 648 2913 t.
673 2899 679 2913 .
700 2899 733 2914 ..
756 2856 807 2914 000
834 2859 860 2913 ei
886 2857 944 2914 alio
970 2857 1053 2915 00000
1082 2857 1152 2915 tani
1179 2857 1309 2914 absurda

160 2946 317 3010 distinctio,
346 2943 452 3002 fraude
475 2944 532 3002 loci
560 2947 591 3002 et
616 2941 726 3017 noetis,
749 2944 851 3002 deinde
873 2944 972 3004 subito
996 2945 1138 3004 turbante
1161 2937 1309 3004 tumultu'
1386 3005 1393 3018 ,

159 3033 243 3093 schot.
279 3032 380 3091 Veron.
417 3026 539 3091 ‘fraude
570 3032 631 3092 loci
663 3036 693 3090 00
724 3032 820 3092 noetis
929 3036 1048 3107 qnidam
1080 3033 1176 3093 noctis
1209 3034 1309 3093 subito

159 3121 303 3182 turbante
332 3120 468 3180 tumultu
495 3115 605 3196 lepnni'
630 3120 749 3181 Servius
773 3122 852 3181 Dan.
962 3124 1025 3183 398
1051 3115 1238 3198 ‘oppressum
1261 3142 1309 3182 ra·

160 3211 297 3287 00οε000
325 3216 364 3270 esi
392 3230 480 3287 quem
508 3211 569 3271 iam
599 3229 707 3270 manus
736 3212 832 3270 omnis
860 3213 952 3288 rapit;
984 3231 1055 3272 nam
1086 3213 1163 3272 male
1190 3213 1309 3285 qnidam

161 3300 243 3360 videt
266 3301 332 3376 rapi
355 3302 508 3375 accipiunt.
553 3303 630 3374 qnod
652 3303 679 3360 si
701 3301 863 3368 admiseris,
891 3307 977 3361 00000
1003 3321 1093 3379 quem
1120 3302 1180 3361 iam
1204 3319 1310 3361 manus

161 3384 270 3450 omnis'
293 3391 412 3450 Seruius
479 3389 602 3465 rapiunt
625 3390 833 3464 Peerlkampna
900 3386 943 3466 00]
964 3409 999 3450 ac
1021 3391 1170 3451 Prisciani
1193 3392 1311 3465 exempl.

250 3483 314 3541 399
339 3479 412 3557 quid
435 3477 541 3555 faciat]
567 3481 626 3539 heu
650 3479 723 3557 quid
746 3479 840 3556 ngat?
863 3478 983 3540 Servius
1005 3480 1077 3539 Aen.
1097 3480 1141 3539 IV
1166 3482 1229 3540 283

162 3563 294 3675 QUIDM
360 3566 491 3688 faciale
511 3610 585 3679 post
610 3609 641 3664 ⁴in
665 3595 775 3685 ras.)b
865 3607 931 3665 400
954 3605 1069 3664 medios
1090 3597 1123 3675 (ο
1147 3608 1178 3664 in
1201 3596 1312 3685 rus.)b

232 3692 493 3754 0000101000.-
518 3698 553 3768 0οἶ
573 3695 604 3753 ΙΙ
629 3696 691 3756 611
720 3693 826 3754 HOsiis
851 3694 879 3753 V
899 3687 1030 3768 ‘qnidam
1053 3694 1084 3752 in
1108 3713 1194 3754 enses
1217 3696 1314 3768 000000

111 3844 115 3854 ,
164 3788 190 3842 00
212 3785 315 3843 melina
337 3784 388 3842 hoc
406 3789 514 3857 putant
538 3803 625 3857 00000
653 3785 685 3842 in
710 3778 822 3843 hostes'
852 3784 971 3844 Servius
993 3784 1072 3843 Dan.
1185 3785 1248 3843 401
1275 3785 1311 3857 cf.

161 3926 205 3982 90.
223 3906 266 3966 rv
287 3909 350 3967 ars
376 3906 448 3969 Aen.
467 3909 511 3968 xr
534 3911 596 3969 647
675 3877 837 3988 alins-ay
863 3907 1059 3967 visuras
1083 3909 1210 3966 nram
1242 3906 1313 3966 vin-

164 4016 237 4055 0000
262 3996 289 4053 V
319 3997 443 4056 uulnere
467 4002 500 4057 cl
617 4000 680 4058 403
711 3998 805 4056 altam
834 4000 863 4056 00
891 3996 1008 4056 Lunam
1035 4000 1140 4071 scripsi
1172 3994 1313 4054 ALTAM

166 4085 371 4145 UNAM-ET
404 4088 572 4166 MPybcsnrl)
612 4085 1010 4146 ALTAMADLVNAMET
1043 4087 1072 4145 R
1080 4087 1106 4145 V
1140 4085 1234 4145 altum
1268 4086 1312 4142 lu·

164 4195 234 4236 nam
258 4178 289 4235 00
320 4191 385 4234 enm
411 4178 638 4251 interpunctione
662 4182 731 4250 posi
753 4179 784 4235 et
806 4178 937 4236 0000000
960 4176 1140 4241 1000000000,
1164 4175 1314 4247 eodemque

165 4266 290 4337 artificio
322 4258 510 4338 ‘adfectatam
541 4258 727 4325 sirncturcm’
757 4267 900 4340 explicare
936 4264 1029 4338 Asper
1060 4264 1177 4323 studuit.
1219 4262 1314 4322 altam

165 4354 284 4414 Lunam
306 4355 394 4414 000000
417 4358 448 4414 00
467 4346 517 4434 (cf.
537 4354 582 4414 Vl
598 4347 675 4436 186)
700 4360 767 4414 anie
788 4356 927 4415 Pieriam.
951 4354 1057 4431 altum,
1079 4351 1196 4411 Lunam
1219 4351 1312 4426 Bery-

165 4445 231 4505 tins
253 4443 384 4518 000001
407 4444 485 4521 242,
513 4446 566 4503 aiii
584 4446 654 4504 alia.
697 4443 805 4504 Tneinr
828 4445 1013 4517 sicensium
1036 4444 1202 4515 comparato
1225 4442 1314 4503 Hom.
