2940 4958
251 347 294 413 80
618 338 630 359 ·
681 348 929 422 canimenos.

315 535 373 578 nec
395 513 502 578 minus
525 512 642 579 idcirco
667 519 792 580 vestros
815 537 1000 599 expromere
1024 518 1166 626 cantus·

359 621 519 686 maximus
543 626 575 686 et
599 625 727 687 sanctos
751 623 868 708 dignus
891 623 973 687 inire
991 622 1118 688 choros.

314 727 376 792 hoc
398 729 508 813 itaque
530 730 666 793 insuetis
690 731 792 795 iactor
814 731 928 817 magis,
951 731 1083 816 optime,
1106 733 1210 818 curis,

360 837 437 920 quid
460 836 498 900 de
521 840 553 900 te
576 837 698 920 possim
722 838 860 902 scribere
885 838 1000 922 quidve
1023 837 1095 902 tibi

314 965 453 1029 namque
476 942 618 1030 (fatebor
641 943 740 1032 enim)
765 968 846 1029 quae
868 946 1008 1010 maxima
1031 945 1223 1011 deterrendi

357 1051 478 1137 debuit,
499 1051 650 1116 hortandi
673 1053 813 1117 maxima
835 1075 931 1118 causa
954 1053 1024 1117 fuit.

312 1181 414 1242 pauca
436 1164 493 1223 tua
515 1160 550 1223 in
572 1163 701 1224 nostras
724 1151 881 1225 venerunt
903 1160 1044 1224 carmina
1067 1161 1215 1246 chartae,

357 1268 498 1331 carmina
522 1289 594 1331 cum
616 1267 830 1354 linguatum
854 1267 920 1331 sale
944 1266 1111 1355 Cecropio,
1144 1247 1166 1330 ¹¹.

312 1375 462 1460 carmina,
484 1396 565 1458 quae
587 1372 726 1462 Pylium,
749 1375 862 1439 saeclis
886 1379 1015 1459 accepta
1038 1376 1174 1460 futuris,

356 1483 506 1567 carmina,
529 1505 610 1565 quae
632 1481 761 1566 Pylium
784 1482 909 1568 vincere
933 1482 1030 1568 digna
1054 1504 1178 1547 senem.

311 1590 451 1654 molliter
474 1589 527 1653 hic
549 1590 645 1653 viridi
668 1590 798 1673 patulae
821 1590 882 1654 sub
906 1591 1048 1676 tegmine
1072 1612 1217 1674 quercus

356 1696 475 1761 Moeris
498 1701 645 1780 pastores
669 1701 701 1760 et
725 1696 903 1762 Meliboeus
927 1702 1028 1782 erant,

312 1803 417 1867 dulcia
439 1805 595 1869 iactantes
619 1804 744 1869 alterno
769 1806 910 1870 carmina
933 1828 1036 1891 versu,

356 1911 463 1995 qualia
487 1910 669 1975 Trinacriae
692 1911 806 1976 doctus
830 1916 917 1977 amat
939 1911 1072 1976 iuvenis.

310 2019 456 2083 certatim
481 2020 639 2083 ornabant
662 2041 773 2085 omnes
796 2020 928 2085 heroida
951 2020 1026 2105 divi,

355 2128 501 2191 certatim
524 2129 615 2192 divae
639 2149 769 2192 munere
793 2149 920 2212 quoque
944 2149 1011 2192 suo.

309 2234 432 2299 felicem
457 2239 531 2299 ante
555 2235 634 2299 alias
658 2257 677 2298 o
701 2239 733 2299 te
757 2235 913 2318 scriptore
936 2234 1099 2318 puellamt·

354 2341 455 2406 altera
476 2363 543 2406 non
566 2342 651 2406 fama
674 2342 790 2406 dixerit
814 2364 883 2405 esse
906 2342 1008 2426 prior:
1032 2319 1067 2404 ἢ.

308 2471 375 2512 non
397 2449 463 2534 illa,
485 2448 700 2532 Hesperidum
722 2449 757 2529 ni
780 2470 911 2513 munere
934 2453 1027 2533 capta
1049 2449 1178 2538 fuisset,

354 2578 435 2641 quae
458 2556 620 2621 volucrem
643 2578 739 2620 cursu
761 2557 882 2621 vicerat
905 2556 1145 2666 Hippomenen,

308 2664 441 2729 candida
464 2687 580 2748 cycneo
604 2686 670 2728 non
693 2663 779 2728 edita
801 2663 1054 2751 Tyndaris·ovo‚

351 2794 418 2837 non
440 2794 556 2856 supero
580 2772 707 2857 fulgens
731 2769 905 2857 Cassiopea
928 2772 1013 2858 polo,

307 2902 373 2944 non
396 2879 524 2944 defensa
546 2879 602 2943 diu
624 2879 791 2945 volucrum
814 2880 986 2945 certamine
1008 2902 1179 2968 equorum,

240 3048 383 3108 Heinsius
396 3047 527 3106 Aonides
539 3048 570 3105 X
583 3048 702 3107 sonides
711 3047 772 3106 ΑΒ
791 3048 910 3108 eenides
920 3048 957 3106 H
972 3047 1089 3107 eucides
1101 3048 1140 3104 Μ
1212 3051 1233 3107 7
1247 3053 1397 3111 nostros&

240 3137 343 3196 doctos
368 3140 438 3214 coici.
468 3139 633 3211 Woyncrus
732 3139 895 3213 expromite
915 3139 944 3196 Β
1047 3137 1066 3195 8
1092 3142 1220 3197 sanctus
1240 3140 1317 3198 HM

242 3229 260 3285 9
285 3226 403 3302 magnis
423 3227 493 3284 HM
561 3223 643 3302 capis
662 3227 722 3285 ΑΒ
816 3230 856 3286 10
880 3226 965 3296 Quod
984 3226 1043 3284 AR
1112 3226 1284 3287 scriberem
1304 3231 1341 3289 H

243 3319 281 3375 13
308 3315 438 3374 carmine
457 3316 493 3372 H
582 3318 622 3374 14
642 3313 721 3391 tum]
743 3320 806 3374 tam
824 3317 895 3373 ΗΜ
997 3317 1035 3375 15
1060 3315 1166 3375 liabent
1183 3317 1261 3393 AR,
1284 3340 1323 3378 aa
1347 3338 1395 3378 rec

239 3408 271 3462 in
303 3424 359 3478 my.
390 3423 453 3478 sup.
487 3407 581 3464 adcor.
610 3407 654 3473 B,
691 3424 744 3464 om.
769 3406 799 3462 Β
828 3409 861 3464 in
893 3411 982 3474 textu,
1013 3405 1086 3462 ΗΜ
1199 3408 1315 3481 pilium
1343 3409 1396 3467 ΑΒ

238 3495 324 3569 proin
347 3495 377 3552 B
404 3512 462 3568 inp.
494 3494 661 3571 Phrygium
690 3496 890 3554 Morktaadus
922 3497 962 3554 oct
993 3494 1079 3552 Statii
1106 3495 1171 3554 silo.
1198 3495 1252 3555 III
1276 3501 1313 3574 4,
1339 3499 1395 3557 103

240 3585 365 3641 nimium
384 3583 520 3656 Lamias
613 3587 651 3642 16
672 3603 748 3661 quae
768 3602 821 3642 om.
836 3584 910 3641 ΗΜ
933 3603 1031 3661 quam,
1050 3600 1123 3642 corr.
1144 3584 1220 3658 quid
1241 3588 1273 3643 B
1299 3588 1351 3646 sed
1370 3587 1398 3644 X

309 3675 348 3730 17
378 3672 427 3731 hic
448 3674 505 3730 XZ
531 3674 601 3731 hinc
619 3674 691 3731 ΗΜ
717 3673 787 3732 huic
806 3673 897 3731 ABR
988 3676 1027 3732 19
1052 3678 1213 3732 cantantes
1234 3676 1266 3732 R
1337 3696 1395 3734 car-

238 3762 318 3820 mine
338 3763 367 3819 Β
447 3765 485 3820 21
512 3763 644 3838 epirsdia
663 3763 692 3820 Α
716 3763 858 3838 spyredia
876 3763 906 3820 R
974 3762 1036 3820 diui
1059 3763 1158 3821 lanas
1181 3763 1293 3824 Douso
1311 3784 1395 3839 pror·

239 3854 333 3910 cidon.
363 3853 402 3910 od
436 3851 544 3910 Tibulli
567 3871 589 3910 c.
610 3854 650 3910 13
669 3871 701 3926 p.
723 3854 763 3910 78
793 3850 879 3909 diue.
898 3853 928 3910 B
956 3851 1026 3927 dine
1044 3851 1074 3908 Β
1107 3850 1177 3909 diue
1201 3852 1311 3912 AHM

240 3942 280 3999 22
314 3960 430 4017 quoque
450 3941 480 3997 Β
507 3943 566 4023 <iq-
585 3941 622 3998 H
647 3959 782 4018 quaeque
801 3939 899 3999 ΑΜΒ
1011 3942 1051 3998 23
1077 3940 1153 3998 alios
1173 3941 1203 3998 R
1278 3963 1295 4002 o
1321 3944 1396 4003 teB
1467 3943 1468 3986 ἶ

238 4032 286 4088 tot
303 4030 376 4087 ΗΜ
401 4034 486 4088 tanto
505 4031 565 4088 ΑΒ
679 4033 720 4089 24
747 4031 854 4089 Altera
876 4030 1005 4104 Scolipcr
1032 4029 1167 4087 Altero
1262 4033 1347 4092 fama
1361 4034 1394 4097 B,

238 4119 368 4192 Scoliycr
385 4120 537 4195 phamaR
560 4120 670 4177 famam
685 4120 789 4177 AHM
863 4137 927 4178 esse
946 4119 1036 4177 ABR
1060 4119 1124 4192 ipss
1143 4119 1219 4177 ΗΜ
1288 4123 1394 4181 vixerit

238 4229 333 4285 usque
348 4209 490 4267 Hcinsius
571 4211 611 4266 26
636 4228 756 4267 uocrem
776 4210 806 4266 Β
873 4208 1143 4284 hyppomenemH
1163 4212 1322 4284 ypomane
1339 4211 1395 4269 ΑΒ

329 4299 369 4358 28
394 4297 531 4373 casiaque
555 4298 653 4372 apollo
672 4299 696 4355 I
787 4301 827 4357 29
852 4298 1010 4357 uolucrum
1030 4320 1049 4355 α
1072 4299 1205 4357 multum
1228 4299 1254 4357 0
1280 4301 1393 4361 vultum

236 4387 317 4448 Eitis
383 4404 528 4463 equorum
547 4387 606 4444 ΑΒ
630 4406 756 4462 quorum
776 4388 878 4446 BHM
