<?xml version="1.0" encoding="UTF-8"?>
<!DOCTYPE html PUBLIC "-//W3C//DTD XHTML 1.0 Transitional//EN"
    "http://www.w3.org/TR/xhtml1/DTD/xhtml1-transitional.dtd">
<html xmlns="http://www.w3.org/1999/xhtml" xml:lang="en" lang="en">
 <head>
  <title>
</title>
<meta http-equiv="Content-Type" content="text/html;charset=utf-8" />
  <meta name='ocr-system' content='tesseract 3.04.00' />
  <meta name='ocr-capabilities' content='ocr_page ocr_carea ocr_par ocr_line ocrx_word'/>
</head>
<body>
  <div class='ocr_page' id='page_1' title='image "./pvergilimaronis00ribbgoog/pvergilimaronis00ribbgoog_0814.png"; bbox 0 0 3038 4964; ppageno 0'>
   <div class='ocr_carea' id='block_1_1' title="bbox 543 372 914 430">
    <p class='ocr_par' dir='ltr' id='par_1_1' title="bbox 543 372 914 430">
     <span class='ocr_line' id='line_1_1' title="bbox 543 372 914 430; baseline 0 0"><span class='ocrx_word' id='word_1_1' title='bbox 543 374 693 430; x_wconf 82' lang='lat' dir='ltr'>VERGILI</span> <span class='ocrx_word' id='word_1_2' title='bbox 712 372 844 429; x_wconf 79' lang='lat' dir='ltr'>AENEIS</span> <span class='ocrx_word' id='word_1_3' title='bbox 863 374 914 430; x_wconf 87' lang='lat' dir='ltr'><strong>Xll</strong></span> 
     </span>
    </p>
   </div>
   <div class='ocr_carea' id='block_1_2' title="bbox 219 524 1304 2127">
    <p class='ocr_par' dir='ltr' id='par_1_2' title="bbox 219 524 1094 734">
     <span class='ocr_line' id='line_1_2' title="bbox 223 524 1094 627; baseline -0.003 -21"><span class='ocrx_word' id='word_1_4' title='bbox 223 564 318 627; x_wconf 86' lang='lat' dir='ltr'><strong>quem</strong></span> <span class='ocrx_word' id='word_1_5' title='bbox 341 538 438 606; x_wconf 90' lang='lat' dir='ltr'><strong>simul</strong></span> <span class='ocrx_word' id='word_1_6' title='bbox 461 561 498 606; x_wconf 89' lang='lat' dir='ltr'><strong>ac</strong></span> <span class='ocrx_word' id='word_1_7' title='bbox 519 539 655 605; x_wconf 82' lang='lat' dir='ltr'><strong>Iuturna</strong></span> <span class='ocrx_word' id='word_1_8' title='bbox 678 561 770 604; x_wconf 89' lang='lat' dir='ltr'><strong>soror</strong></span> <span class='ocrx_word' id='word_1_9' title='bbox 793 524 991 604; x_wconf 65' lang='lat' dir='ltr'><strong>crebrascere</strong></span> <span class='ocrx_word' id='word_1_10' title='bbox 1013 539 1094 604; x_wconf 81' lang='lat' dir='ltr'><strong>vidit</strong></span> 
     </span>
     <span class='ocr_line' id='line_1_3' title="bbox 219 646 1008 734; baseline -0.005 -19"><span class='ocrx_word' id='word_1_11' title='bbox 219 650 455 727; x_wconf 23' lang='lat' dir='ltr'><strong>sermonemwit</strong></span> <span class='ocrx_word' id='word_1_12' title='bbox 477 647 566 734; x_wconf 79' lang='lat' dir='ltr'><strong>volgi</strong></span> <span class='ocrx_word' id='word_1_13' title='bbox 590 647 714 712; x_wconf 82' lang='lat' dir='ltr'><strong>variare</strong></span> <span class='ocrx_word' id='word_1_14' title='bbox 736 647 881 713; x_wconf 74' lang='lat' dir='ltr'><strong>labantia</strong></span> <span class='ocrx_word' id='word_1_15' title='bbox 903 646 1008 734; x_wconf 87' lang='lat' dir='ltr'><strong>corda,</strong></span> 
     </span>
    </p>

    <p class='ocr_par' dir='ltr' id='par_1_3' title="bbox 219 752 1056 842">
     <span class='ocr_line' id='line_1_4' title="bbox 219 752 1056 842; baseline -0.004 -21"><span class='ocrx_word' id='word_1_16' title='bbox 219 758 254 821; x_wconf 91' lang='lat' dir='ltr'><strong>in</strong></span> <span class='ocrx_word' id='word_1_17' title='bbox 278 756 398 821; x_wconf 86' lang='lat' dir='ltr'><strong>medias</strong></span> <span class='ocrx_word' id='word_1_18' title='bbox 422 756 515 842; x_wconf 84' lang='lat' dir='ltr'><strong>acies,</strong></span> <span class='ocrx_word' id='word_1_19' title='bbox 538 757 675 820; x_wconf 84' lang='lat' dir='ltr'><strong>formam</strong></span> <span class='ocrx_word' id='word_1_20' title='bbox 698 755 891 821; x_wconf 85' lang='lat' dir='ltr'><strong>adsimulata</strong></span> <span class='ocrx_word' id='word_1_21' title='bbox 914 752 1056 820; x_wconf 79' lang='lat' dir='ltr'><strong>Camerti</strong></span> 
     </span>
    </p>

    <p class='ocr_par' dir='ltr' id='par_1_4' title="bbox 219 861 1298 1058">
     <span class='ocr_line' id='line_1_5' title="bbox 220 861 1298 951; baseline -0.003 -22"><span class='ocrx_word' id='word_1_22' title='bbox 220 861 312 951; x_wconf 91' lang='lat' dir='ltr'><strong>(quoi</strong></span> <span class='ocrx_word' id='word_1_23' title='bbox 336 884 438 950; x_wconf 80' lang='lat' dir='ltr'><strong>genus</strong></span> <span class='ocrx_word' id='word_1_24' title='bbox 462 886 480 928; x_wconf 89' lang='lat' dir='ltr'><strong>a</strong></span> <span class='ocrx_word' id='word_1_25' title='bbox 503 864 633 948; x_wconf 86' lang='lat' dir='ltr'><strong>proavis</strong></span> <span class='ocrx_word' id='word_1_26' title='bbox 656 864 771 950; x_wconf 80' lang='lat' dir='ltr'><strong>ingens</strong></span> <span class='ocrx_word' id='word_1_27' title='bbox 795 862 980 947; x_wconf 88' lang='lat' dir='ltr'><strong>clarumque</strong></span> <span class='ocrx_word' id='word_1_28' title='bbox 1003 866 1154 947; x_wconf 77' lang='lat' dir='ltr'><strong>paternae</strong></span> <span class='ocrx_word' id='word_1_29' title='bbox 1248 876 1298 927; x_wconf 82' lang='grc'><strong>225</strong></span> 
     </span>
     <span class='ocr_line' id='line_1_6' title="bbox 219 966 1087 1058; baseline -0.002 -23"><span class='ocrx_word' id='word_1_30' title='bbox 219 993 337 1036; x_wconf 92' lang='lat' dir='ltr'><strong>nomen</strong></span> <span class='ocrx_word' id='word_1_31' title='bbox 360 975 429 1036; x_wconf 88' lang='lat' dir='ltr'><strong>erat</strong></span> <span class='ocrx_word' id='word_1_32' title='bbox 451 970 594 1058; x_wconf 74' lang='lat' dir='ltr'><strong>virtutis,</strong></span> <span class='ocrx_word' id='word_1_33' title='bbox 617 975 650 1035; x_wconf 89' lang='lat' dir='ltr'><strong>et</strong></span> <span class='ocrx_word' id='word_1_34' title='bbox 672 970 751 1057; x_wconf 9' lang='lat' dir='ltr'><strong>ipsc*</strong></span> <span class='ocrx_word' id='word_1_35' title='bbox 765 970 939 1036; x_wconf 87' lang='lat' dir='ltr'><strong>acerrimus</strong></span> <span class='ocrx_word' id='word_1_36' title='bbox 963 966 1087 1056; x_wconf 82' lang='lat' dir='ltr'><strong>armis),</strong></span> 
     </span>
    </p>

    <p class='ocr_par' dir='ltr' id='par_1_5' title="bbox 220 1078 1050 1162">
     <span class='ocr_line' id='line_1_7' title="bbox 220 1078 1050 1162; baseline -0.002 -19"><span class='ocrx_word' id='word_1_37' title='bbox 220 1078 254 1143; x_wconf 92' lang='lat' dir='ltr'><strong>in</strong></span> <span class='ocrx_word' id='word_1_38' title='bbox 276 1078 397 1143; x_wconf 84' lang='lat' dir='ltr'><strong>medias</strong></span> <span class='ocrx_word' id='word_1_39' title='bbox 421 1079 476 1143; x_wconf 91' lang='lat' dir='ltr'><strong>dat</strong></span> <span class='ocrx_word' id='word_1_40' title='bbox 500 1079 676 1161; x_wconf 23' lang='lat' dir='ltr'><strong>sesanacies</strong></span> <span class='ocrx_word' id='word_1_41' title='bbox 699 1079 780 1143; x_wconf 89' lang='lat' dir='ltr'><strong>haut</strong></span> <span class='ocrx_word' id='word_1_42' title='bbox 802 1078 911 1143; x_wconf 85' lang='lat' dir='ltr'><strong>nescia</strong></span> <span class='ocrx_word' id='word_1_43' title='bbox 932 1099 1050 1162; x_wconf 86' lang='lat' dir='ltr'><strong>rerum,</strong></span> 
     </span>
    </p>

    <p class='ocr_par' dir='ltr' id='par_1_6' title="bbox 221 1185 949 1271">
     <span class='ocr_line' id='line_1_8' title="bbox 221 1185 949 1271; baseline 0 -22"><span class='ocrx_word' id='word_1_44' title='bbox 221 1207 430 1271; x_wconf 84' lang='lat' dir='ltr'><strong>rumoresque</strong></span> <span class='ocrx_word' id='word_1_45' title='bbox 453 1186 533 1251; x_wconf 86' lang='lat' dir='ltr'><strong>serit</strong></span> <span class='ocrx_word' id='word_1_46' title='bbox 555 1187 662 1251; x_wconf 79' lang='lat' dir='ltr'><strong>varios</strong></span> <span class='ocrx_word' id='word_1_47' title='bbox 686 1207 723 1252; x_wconf 88' lang='lat' dir='ltr'><strong>ac</strong></span> <span class='ocrx_word' id='word_1_48' title='bbox 745 1185 824 1251; x_wconf 88' lang='lat' dir='ltr'><strong>talia</strong></span> <span class='ocrx_word' id='word_1_49' title='bbox 846 1185 949 1250; x_wconf 86' lang='lat' dir='ltr'><strong>fatur:</strong></span> 
     </span>
    </p>

    <p class='ocr_par' dir='ltr' id='par_1_7' title="bbox 220 1291 1303 1702">
     <span class='ocr_line' id='line_1_9' title="bbox 221 1291 1112 1379; baseline -0.002 -22"><span class='ocrx_word' id='word_1_50' title='bbox 221 1293 299 1357; x_wconf 79' lang='lat' dir='ltr'><strong>‘non</strong></span> <span class='ocrx_word' id='word_1_51' title='bbox 316 1292 425 1379; x_wconf 82' lang='lat' dir='ltr'><strong>pudet,</strong></span> <span class='ocrx_word' id='word_1_52' title='bbox 449 1315 468 1358; x_wconf 93' lang='lat' dir='ltr'><strong>o</strong></span> <span class='ocrx_word' id='word_1_53' title='bbox 491 1292 617 1378; x_wconf 84' lang='lat' dir='ltr'><strong>Rutuli,</strong></span> <span class='ocrx_word' id='word_1_54' title='bbox 639 1315 699 1378; x_wconf 90' lang='lat' dir='ltr'><strong>pro</strong></span> <span class='ocrx_word' id='word_1_55' title='bbox 722 1293 846 1358; x_wconf 89' lang='lat' dir='ltr'><strong>cunctis</strong></span> <span class='ocrx_word' id='word_1_56' title='bbox 869 1291 991 1357; x_wconf 87' lang='lat' dir='ltr'><strong>talibus</strong></span> <span class='ocrx_word' id='word_1_57' title='bbox 1014 1314 1112 1355; x_wconf 90' lang='lat' dir='ltr'><strong>unam</strong></span> 
     </span>
     <span class='ocr_line' id='line_1_10' title="bbox 222 1397 1303 1494; baseline -0.004 -29"><span class='ocrx_word' id='word_1_58' title='bbox 222 1400 568 1494; x_wconf 23' lang='lat' dir='ltr'><strong>obiectarekanimam?</strong></span> <span class='ocrx_word' id='word_1_59' title='bbox 591 1421 832 1483; x_wconf 17' lang='lat' dir='ltr'><strong>numeroncqan</strong></span> <span class='ocrx_word' id='word_1_60' title='bbox 853 1399 978 1464; x_wconf 82' lang='lat' dir='ltr'><strong>viribus</strong></span> <span class='ocrx_word' id='word_1_61' title='bbox 1002 1397 1096 1482; x_wconf 86' lang='lat' dir='ltr'><strong>aequi</strong></span> <span class='ocrx_word' id='word_1_62' title='bbox 1251 1413 1303 1462; x_wconf 84' lang='grc'><strong>255</strong></span> 
     </span>
     <span class='ocr_line' id='line_1_11' title="bbox 220 1504 1191 1574; baseline -0.004 -2"><span class='ocrx_word' id='word_1_63' title='bbox 220 1530 285 1572; x_wconf 94' lang='lat' dir='ltr'><strong>non</strong></span> <span class='ocrx_word' id='word_1_64' title='bbox 309 1509 442 1573; x_wconf 82' lang='lat' dir='ltr'><strong>sumus?</strong></span> <span class='ocrx_word' id='word_1_65' title='bbox 466 1529 507 1572; x_wconf 89' lang='lat' dir='ltr'><strong>an</strong></span> <span class='ocrx_word' id='word_1_66' title='bbox 530 1530 640 1574; x_wconf 89' lang='lat' dir='ltr'><strong>omnes</strong></span> <span class='ocrx_word' id='word_1_67' title='bbox 664 1511 696 1572; x_wconf 89' lang='lat' dir='ltr'><strong>et</strong></span> <span class='ocrx_word' id='word_1_68' title='bbox 719 1507 820 1572; x_wconf 84' lang='lat' dir='ltr'><strong>Troes</strong></span> <span class='ocrx_word' id='word_1_69' title='bbox 843 1511 876 1571; x_wconf 88' lang='lat' dir='ltr'><strong>et</strong></span> <span class='ocrx_word' id='word_1_70' title='bbox 894 1504 1034 1571; x_wconf 81' lang='lat' dir='ltr'><strong>Arcadas</strong></span> <span class='ocrx_word' id='word_1_71' title='bbox 1056 1504 1092 1569; x_wconf 92' lang='lat' dir='ltr'><strong>hi</strong></span> <span class='ocrx_word' id='word_1_72' title='bbox 1115 1509 1191 1569; x_wconf 86' lang='lat' dir='ltr'><strong>sunt</strong></span> 
     </span>
     <span class='ocr_line' id='line_1_12' title="bbox 221 1612 996 1702; baseline 0 -24"><span class='ocrx_word' id='word_1_73' title='bbox 221 1614 397 1698; x_wconf 72' lang='lat' dir='ltr'><strong>fatalesque</strong></span> <span class='ocrx_word' id='word_1_74' title='bbox 421 1638 545 1702; x_wconf 87' lang='lat' dir='ltr'><strong>manus,</strong></span> <span class='ocrx_word' id='word_1_75' title='bbox 567 1615 692 1680; x_wconf 86' lang='lat' dir='ltr'><strong>infensa</strong></span> <span class='ocrx_word' id='word_1_76' title='bbox 715 1614 850 1679; x_wconf 81' lang='lat' dir='ltr'><strong>Etruria</strong></span> <span class='ocrx_word' id='word_1_77' title='bbox 873 1612 996 1678; x_wconf 71' lang='lat' dir='ltr'><strong>&#39;lurnoz</strong></span> 
     </span>
    </p>

    <p class='ocr_par' dir='ltr' id='par_1_8' title="bbox 221 1719 1092 1808">
     <span class='ocr_line' id='line_1_13' title="bbox 221 1719 1092 1808; baseline -0.001 -23"><span class='ocrx_word' id='word_1_78' title='bbox 221 1721 275 1785; x_wconf 82' lang='lat' dir='ltr'><strong>vix</strong></span> <span class='ocrx_word' id='word_1_79' title='bbox 297 1721 436 1807; x_wconf 80' lang='lat' dir='ltr'><strong>hostem,</strong></span> <span class='ocrx_word' id='word_1_80' title='bbox 458 1721 576 1786; x_wconf 86' lang='lat' dir='ltr'><strong>alterni</strong></span> <span class='ocrx_word' id='word_1_81' title='bbox 599 1722 628 1786; x_wconf 91' lang='lat' dir='ltr'><strong>si</strong></span> <span class='ocrx_word' id='word_1_82' title='bbox 651 1720 906 1808; x_wconf 80' lang='lat' dir='ltr'><strong>congrediamur,</strong></span> <span class='ocrx_word' id='word_1_83' title='bbox 928 1719 1092 1785; x_wconf 89' lang='lat' dir='ltr'><strong>habemus.</strong></span> 
     </span>
    </p>

    <p class='ocr_par' dir='ltr' id='par_1_9' title="bbox 221 1827 1304 2127">
     <span class='ocr_line' id='line_1_14' title="bbox 221 1827 1136 1914; baseline -0.001 -22"><span class='ocrx_word' id='word_1_84' title='bbox 221 1828 277 1893; x_wconf 86' lang='lat' dir='ltr'><strong>ille</strong></span> <span class='ocrx_word' id='word_1_85' title='bbox 300 1828 430 1913; x_wconf 88' lang='lat' dir='ltr'><strong>quidem</strong></span> <span class='ocrx_word' id='word_1_86' title='bbox 452 1829 492 1893; x_wconf 92' lang='lat' dir='ltr'><strong>ad</strong></span> <span class='ocrx_word' id='word_1_87' title='bbox 516 1850 660 1914; x_wconf 85' lang='lat' dir='ltr'><strong>superos,</strong></span> <span class='ocrx_word' id='word_1_88' title='bbox 683 1850 821 1912; x_wconf 88' lang='lat' dir='ltr'><strong>quorum</strong></span> <span class='ocrx_word' id='word_1_89' title='bbox 845 1850 879 1892; x_wconf 90' lang='lat' dir='ltr'><strong>se</strong></span> <span class='ocrx_word' id='word_1_90' title='bbox 903 1827 1037 1893; x_wconf 82' lang='lat' dir='ltr'><strong>devovet</strong></span> <span class='ocrx_word' id='word_1_91' title='bbox 1061 1828 1136 1914; x_wconf 83' lang='lat' dir='ltr'><strong>aris,</strong></span> 
     </span>
     <span class='ocr_line' id='line_1_15' title="bbox 224 1934 1304 2020; baseline 0 -21"><span class='ocrx_word' id='word_1_92' title='bbox 224 1934 371 2000; x_wconf 86' lang='lat' dir='ltr'><strong>succedet</strong></span> <span class='ocrx_word' id='word_1_93' title='bbox 393 1937 478 2001; x_wconf 81' lang='lat' dir='ltr'><strong>fama</strong></span> <span class='ocrx_word' id='word_1_94' title='bbox 501 1935 657 2020; x_wconf 81' lang='lat' dir='ltr'><strong>vivosque</strong></span> <span class='ocrx_word' id='word_1_95' title='bbox 681 1957 738 2019; x_wconf 86' lang='lat' dir='ltr'><strong>per</strong></span> <span class='ocrx_word' id='word_1_96' title='bbox 762 1957 818 2000; x_wconf 92' lang='lat' dir='ltr'><strong>ora</strong></span> <span class='ocrx_word' id='word_1_97' title='bbox 836 1935 970 1999; x_wconf 87' lang='lat' dir='ltr'><strong>feretur:</strong></span> <span class='ocrx_word' id='word_1_98' title='bbox 1252 1951 1304 2000; x_wconf 82' lang='grc'><strong>995</strong></span> 
     </span>
     <span class='ocr_line' id='line_1_16' title="bbox 225 2041 1026 2127; baseline -0.001 -21"><span class='ocrx_word' id='word_1_99' title='bbox 225 2064 284 2108; x_wconf 88' lang='lat' dir='ltr'><strong>nos</strong></span> <span class='ocrx_word' id='word_1_100' title='bbox 309 2043 415 2127; x_wconf 88' lang='lat' dir='ltr'><strong>patria</strong></span> <span class='ocrx_word' id='word_1_101' title='bbox 437 2042 557 2106; x_wconf 86' lang='lat' dir='ltr'><strong>amissa</strong></span> <span class='ocrx_word' id='word_1_102' title='bbox 580 2041 718 2106; x_wconf 87' lang='lat' dir='ltr'><strong>dominis</strong></span> <span class='ocrx_word' id='word_1_103' title='bbox 741 2062 854 2126; x_wconf 88' lang='lat' dir='ltr'><strong>parere</strong></span> <span class='ocrx_word' id='word_1_104' title='bbox 879 2041 1026 2126; x_wconf 84' lang='lat' dir='ltr'><strong>superbis</strong></span> 
     </span>
    </p>
   </div>
   <div class='ocr_carea' id='block_1_3' title="bbox 156 2323 1306 2684">
    <p class='ocr_par' dir='ltr' id='par_1_10' title="bbox 159 2323 1304 2539">
     <span class='ocr_line' id='line_1_17' title="bbox 246 2323 1266 2394; baseline 0 -14"><span class='ocrx_word' id='word_1_105' title='bbox 246 2344 414 2383; x_wconf 82' lang='lat' dir='ltr'><strong>rnsrmonm.</strong></span> <span class='ocrx_word' id='word_1_106' title='bbox 451 2331 504 2380; x_wconf 80' lang='grc'><strong>224</strong></span> <span class='ocrx_word' id='word_1_107' title='bbox 524 2326 651 2380; x_wconf 84' lang='lat' dir='ltr'><strong>‘Iuturna</strong></span> <span class='ocrx_word' id='word_1_108' title='bbox 664 2324 784 2380; x_wconf 84' lang='lat' dir='ltr'><strong>formam</strong></span> <span class='ocrx_word' id='word_1_109' title='bbox 800 2340 824 2380; x_wconf 79' lang='grc'><strong>5</strong></span> <span class='ocrx_word' id='word_1_110' title='bbox 840 2323 881 2380; x_wconf 69' lang='lat' dir='ltr'><strong>(l&#39;</strong></span> <span class='ocrx_word' id='word_1_111' title='bbox 903 2323 1063 2379; x_wconf 77' lang='lat' dir='ltr'><strong>Macrobius</strong></span> <span class='ocrx_word' id='word_1_112' title='bbox 1078 2325 1266 2394; x_wconf 72' lang='grc'><strong>85571511</strong></span> 
     </span>
     <span class='ocr_line' id='line_1_18' title="bbox 159 2395 1304 2454; baseline 0.001 -3"><span class='ocrx_word' id='word_1_113' title='bbox 159 2398 290 2453; x_wconf 82' lang='lat' dir='ltr'><strong>‘formam</strong></span> <span class='ocrx_word' id='word_1_114' title='bbox 309 2416 334 2453; x_wconf 86' lang='lat' dir='ltr'><strong>a.</strong></span> <span class='ocrx_word' id='word_1_115' title='bbox 346 2398 386 2454; x_wconf 65' lang='lat' dir='ltr'><strong>O!</strong></span> <span class='ocrx_word' id='word_1_116' title='bbox 408 2397 557 2453; x_wconf 87' lang='lat' dir='ltr'><strong>Diomedes</strong></span> <span class='ocrx_word' id='word_1_117' title='bbox 572 2397 583 2450; x_wconf 94' lang='lat' dir='ltr'>I</span> <span class='ocrx_word' id='word_1_118' title='bbox 599 2401 650 2451; x_wconf 85' lang='grc'><strong>955</strong></span> <span class='ocrx_word' id='word_1_119' title='bbox 662 2395 695 2452; x_wconf 90' lang='grc' dir='ltr'><strong>Κ.</strong></span> <span class='ocrx_word' id='word_1_120' title='bbox 716 2395 872 2451; x_wconf 79' lang='lat' dir='ltr'><strong>Arusianus</strong></span> <span class='ocrx_word' id='word_1_121' title='bbox 888 2396 1047 2452; x_wconf 73' lang='grc'><strong>71145511.</strong></span> <span class='ocrx_word' id='word_1_122' title='bbox 1067 2395 1228 2451; x_wconf 85' lang='lat' dir='ltr'><strong>Priscianus</strong></span> <span class='ocrx_word' id='word_1_123' title='bbox 1245 2402 1304 2453; x_wconf 88' lang='grc'>797.</span> 
     </span>
     <span class='ocr_line' id='line_1_19' title="bbox 159 2467 1234 2539; baseline 0.001 -16"><span class='ocrx_word' id='word_1_124' title='bbox 159 2475 209 2524; x_wconf 91' lang='grc'><strong>799</strong></span> <span class='ocrx_word' id='word_1_125' title='bbox 220 2470 250 2524; x_wconf 94' lang='lat' dir='ltr'><strong>P.</strong></span> <span class='ocrx_word' id='word_1_126' title='bbox 341 2476 393 2525; x_wconf 89' lang='grc'><strong>228</strong></span> <span class='ocrx_word' id='word_1_127' title='bbox 411 2469 572 2525; x_wconf 86' lang='lat' dir='ltr'><strong>Macrobius</strong></span> <span class='ocrx_word' id='word_1_128' title='bbox 587 2468 644 2524; x_wconf 83' lang='lat' dir='ltr'><strong>Sat.</strong></span> <span class='ocrx_word' id='word_1_129' title='bbox 660 2468 698 2523; x_wconf 87' lang='lat' dir='ltr'><strong>Vl</strong></span> <span class='ocrx_word' id='word_1_130' title='bbox 715 2475 744 2538; x_wconf 90' lang='lat'><strong>1,</strong></span> <span class='ocrx_word' id='word_1_131' title='bbox 759 2474 799 2524; x_wconf 62' lang='lat'><strong>33&gt;</strong></span> <span class='ocrx_word' id='word_1_132' title='bbox 818 2469 928 2539; x_wconf 82' lang='lat' dir='ltr'><strong>explan.</strong></span> <span class='ocrx_word' id='word_1_133' title='bbox 952 2467 982 2521; x_wconf 91' lang='lat' dir='ltr'><strong>in</strong></span> <span class='ocrx_word' id='word_1_134' title='bbox 1000 2468 1070 2525; x_wconf 90' lang='lat' dir='ltr'><strong>Don.</strong></span> <span class='ocrx_word' id='word_1_135' title='bbox 1085 2468 1124 2523; x_wconf 88' lang='lat' dir='ltr'><strong>IV</strong></span> <span class='ocrx_word' id='word_1_136' title='bbox 1139 2473 1191 2523; x_wconf 85' lang='grc'><strong>542</strong></span> <span class='ocrx_word' id='word_1_137' title='bbox 1201 2468 1234 2525; x_wconf 90' lang='lat' dir='ltr'><strong>K.</strong></span> 
     </span>
    </p>

    <p class='ocr_par' dir='ltr' id='par_1_11' title="bbox 156 2539 1306 2684">
     <span class='ocr_line' id='line_1_20' title="bbox 157 2539 1306 2598; baseline 0.002 -3"><span class='ocrx_word' id='word_1_138' title='bbox 157 2546 209 2597; x_wconf 87' lang='grc'><strong>233</strong></span> <span class='ocrx_word' id='word_1_139' title='bbox 229 2541 342 2597; x_wconf 83' lang='lat' dir='ltr'><strong>Servius</strong></span> <span class='ocrx_word' id='word_1_140' title='bbox 361 2541 550 2598; x_wconf 71' lang='grc'><strong>5515111423</strong></span> <span class='ocrx_word' id='word_1_141' title='bbox 639 2546 691 2594; x_wconf 91' lang='grc'><strong>235</strong></span> <span class='ocrx_word' id='word_1_142' title='bbox 712 2540 803 2594; x_wconf 84' lang='lat' dir='ltr'><strong>‘vivus</strong></span> <span class='ocrx_word' id='word_1_143' title='bbox 819 2583 825 2596; x_wconf 91' lang='lat'>.</span> <span class='ocrx_word' id='word_1_144' title='bbox 841 2582 847 2594; x_wconf 82' lang='lat'><strong>.</strong></span> <span class='ocrx_word' id='word_1_145' title='bbox 863 2583 869 2596; x_wconf 93' lang='lat'>.</span> <span class='ocrx_word' id='word_1_146' title='bbox 884 2540 1001 2594; x_wconf 81' lang='lat' dir='ltr'><strong>faratur&#39;</strong></span> <span class='ocrx_word' id='word_1_147' title='bbox 1022 2539 1111 2596; x_wconf 89' lang='lat' dir='ltr'><strong>schol.</strong></span> <span class='ocrx_word' id='word_1_148' title='bbox 1131 2540 1197 2596; x_wconf 89' lang='lat' dir='ltr'><strong>Hor.</strong></span> <span class='ocrx_word' id='word_1_149' title='bbox 1220 2556 1306 2597; x_wconf 88' lang='lat' dir='ltr'><strong>carm.</strong></span> 
     </span>
     <span class='ocr_line' id='line_1_21' title="bbox 156 2610 1112 2684; baseline 0.003 -19"><span class='ocrx_word' id='word_1_150' title='bbox 156 2613 181 2666; x_wconf 88' lang='grc' dir='ltr'><strong>ΙΙ</strong></span> <span class='ocrx_word' id='word_1_151' title='bbox 195 2619 221 2682; x_wconf 88' lang='grc'><strong>2,</strong></span> <span class='ocrx_word' id='word_1_152' title='bbox 235 2621 251 2668; x_wconf 90' lang='grc'><strong>5</strong></span> <span class='ocrx_word' id='word_1_153' title='bbox 323 2618 375 2669; x_wconf 86' lang='grc'><strong>236</strong></span> <span class='ocrx_word' id='word_1_154' title='bbox 386 2631 427 2684; x_wconf 85' lang='lat' dir='ltr'><strong>sq.</strong></span> <span class='ocrx_word' id='word_1_155' title='bbox 448 2615 510 2668; x_wconf 85' lang='lat' dir='ltr'><strong>‘nos</strong></span> <span class='ocrx_word' id='word_1_156' title='bbox 526 2658 532 2669; x_wconf 94' lang='lat'><em>.</em></span> <span class='ocrx_word' id='word_1_157' title='bbox 548 2657 554 2671; x_wconf 93' lang='lat'><strong>.</strong></span> <span class='ocrx_word' id='word_1_158' title='bbox 571 2657 576 2669; x_wconf 94' lang='lat'><em>.</em></span> <span class='ocrx_word' id='word_1_159' title='bbox 592 2613 735 2684; x_wconf 85' lang='lat' dir='ltr'><strong>cogemur‘</strong></span> <span class='ocrx_word' id='word_1_160' title='bbox 756 2611 843 2668; x_wconf 88' lang='lat' dir='ltr'><strong>schol.</strong></span> <span class='ocrx_word' id='word_1_161' title='bbox 862 2612 964 2667; x_wconf 83' lang='lat' dir='ltr'><strong>Veron.</strong></span> <span class='ocrx_word' id='word_1_162' title='bbox 980 2617 1021 2681; x_wconf 86' lang='grc'><strong>82,</strong></span> <span class='ocrx_word' id='word_1_163' title='bbox 1038 2617 1071 2666; x_wconf 89' lang='grc'><strong>22</strong></span> <span class='ocrx_word' id='word_1_164' title='bbox 1080 2610 1112 2668; x_wconf 87' lang='grc' dir='ltr'><strong>Κ.</strong></span> 
     </span>
    </p>
   </div>
   <div class='ocr_carea' id='block_1_4' title="bbox 155 2906 1310 4038">
    <p class='ocr_par' dir='ltr' id='par_1_12' title="bbox 203 2906 487 2949">
     <span class='ocr_line' id='line_1_22' title="bbox 203 2906 487 2949; baseline 0.004 -1"><span class='ocrx_word' id='word_1_165' title='bbox 203 2916 205 2921; x_wconf 95' lang='grc'><strong><em>·</em></strong></span> <span class='ocrx_word' id='word_1_166' title='bbox 247 2908 341 2949; x_wconf 74' lang='grc'><strong>51511</strong></span> <span class='ocrx_word' id='word_1_167' title='bbox 365 2906 487 2949; x_wconf 71' lang='lat' dir='ltr'><strong>suerro.</strong></span> 
     </span>
    </p>

    <p class='ocr_par' dir='ltr' id='par_1_13' title="bbox 155 2974 1310 4038">
     <span class='ocr_line' id='line_1_23' title="bbox 155 2974 1304 3057; baseline 0.003 -20"><span class='ocrx_word' id='word_1_168' title='bbox 155 2979 304 3057; x_wconf 82' lang='lat' dir='ltr'><strong>pallentes</strong></span> <span class='ocrx_word' id='word_1_169' title='bbox 323 2978 499 3054; x_wconf 69' lang='lat' dir='ltr'><strong>Biqoiionus</strong></span> <span class='ocrx_word' id='word_1_170' title='bbox 515 2979 657 3057; x_wconf 82' lang='lat' dir='ltr'><strong>pubentis</strong></span> <span class='ocrx_word' id='word_1_171' title='bbox 670 2974 800 3040; x_wconf 81' lang='lat' dir='ltr'><strong>Koiiuio</strong></span> <span class='ocrx_word' id='word_1_172' title='bbox 866 2979 993 3040; x_wconf 84' lang='lat' dir='ltr'><strong>iuuenili</strong></span> <span class='ocrx_word' id='word_1_173' title='bbox 1010 2997 1048 3046; x_wconf 87' lang='lat' dir='ltr'><strong>m,</strong></span> <span class='ocrx_word' id='word_1_174' title='bbox 1072 2981 1219 3041; x_wconf 81' lang='lat' dir='ltr'><strong>Macrobii</strong></span> <span class='ocrx_word' id='word_1_175' title='bbox 1234 2981 1304 3042; x_wconf 88' lang='lat' dir='ltr'><strong>Par.</strong></span> 
     </span>
     <span class='ocr_line' id='line_1_24' title="bbox 157 3061 1306 3150; baseline 0.003 -23"><span class='ocrx_word' id='word_1_176' title='bbox 157 3068 276 3129; x_wconf 62' lang='lat' dir='ltr'><strong>Satist„</strong></span> <span class='ocrx_word' id='word_1_177' title='bbox 330 3068 458 3146; x_wconf 79' lang='lat' dir='ltr'><strong>languor</strong></span> <span class='ocrx_word' id='word_1_178' title='bbox 480 3069 525 3129; x_wconf 83' lang='lat' dir='ltr'><strong>cel</strong></span> <span class='ocrx_word' id='word_1_179' title='bbox 546 3071 651 3146; x_wconf 88' lang='lat' dir='ltr'><strong>torpor</strong></span> <span class='ocrx_word' id='word_1_180' title='bbox 672 3068 853 3130; x_wconf 73' lang='lat' dir='ltr'><strong>Schraderas</strong></span> <span class='ocrx_word' id='word_1_181' title='bbox 943 3070 1006 3129; x_wconf 91' lang='grc'><strong>222</strong></span> <span class='ocrx_word' id='word_1_182' title='bbox 1031 3088 1065 3128; x_wconf 91' lang='grc'><strong>55</strong></span> <span class='ocrx_word' id='word_1_183' title='bbox 1086 3061 1173 3149; x_wconf 86' lang='lat' dir='ltr'><strong>(corr.</strong></span> <span class='ocrx_word' id='word_1_184' title='bbox 1197 3072 1230 3129; x_wconf 81' lang='lat' dir='ltr'><strong>in</strong></span> <span class='ocrx_word' id='word_1_185' title='bbox 1246 3061 1306 3150; x_wconf 79' lang='lat' dir='ltr'><strong>nt),</strong></span> 
     </span>
     <span class='ocr_line' id='line_1_25' title="bbox 157 3150 1310 3238; baseline 0.003 -23"><span class='ocrx_word' id='word_1_186' title='bbox 157 3175 211 3231; x_wconf 68' lang='lat' dir='ltr'><strong>my.</strong></span> <span class='ocrx_word' id='word_1_187' title='bbox 235 3160 271 3216; x_wconf 86' lang='grc'><strong>55</strong></span> <span class='ocrx_word' id='word_1_188' title='bbox 288 3159 345 3237; x_wconf 60' lang='grc'><strong>525</strong></span> <span class='ocrx_word' id='word_1_189' title='bbox 372 3161 407 3218; x_wconf 86' lang='lat' dir='ltr'><strong>ut</strong></span> <span class='ocrx_word' id='word_1_190' title='bbox 429 3158 616 3226; x_wconf 81' lang='lat' dir='ltr'><strong>Meaieiioni,</strong></span> <span class='ocrx_word' id='word_1_191' title='bbox 640 3181 656 3237; x_wconf 80' lang='grc' dir='ltr'><em>χ</em></span> <span class='ocrx_word' id='word_1_192' title='bbox 770 3160 832 3218; x_wconf 87' lang='grc'><strong>223</strong></span> <span class='ocrx_word' id='word_1_193' title='bbox 857 3150 1045 3238; x_wconf 78' lang='lat' dir='ltr'><strong>vonc1(0</strong></span> <span class='ocrx_word' id='word_1_194' title='bbox 1069 3176 1141 3218; x_wconf 86' lang='lat' dir='ltr'><strong>corr.</strong></span> <span class='ocrx_word' id='word_1_195' title='bbox 1165 3161 1197 3218; x_wconf 82' lang='lat' dir='ltr'><strong>in</strong></span> <span class='ocrx_word' id='word_1_196' title='bbox 1219 3150 1262 3238; x_wconf 83' lang='lat' dir='ltr'><strong>V)</strong></span> <span class='ocrx_word' id='word_1_197' title='bbox 1281 3160 1310 3218; x_wconf 92' lang='lat' dir='ltr'><strong><em>P</em></strong></span> 
     </span>
     <span class='ocr_line' id='line_1_26' title="bbox 159 3245 1306 3328; baseline 0.004 -25"><span class='ocrx_word' id='word_1_198' title='bbox 159 3245 285 3307; x_wconf 84' lang='lat' dir='ltr'><strong>VVLGI</strong></span> <span class='ocrx_word' id='word_1_199' title='bbox 303 3247 423 3327; x_wconf 82' lang='lat' dir='ltr'><strong>Mliybc</strong></span> <span class='ocrx_word' id='word_1_200' title='bbox 502 3246 710 3307; x_wconf 77' lang='lat' dir='ltr'>LABEN&#39;PIA</span> <span class='ocrx_word' id='word_1_201' title='bbox 729 3248 759 3307; x_wconf 84' lang='lat' dir='ltr'><em>R</em></span> <span class='ocrx_word' id='word_1_202' title='bbox 868 3249 932 3306; x_wconf 89' lang='grc'><strong>224</strong></span> <span class='ocrx_word' id='word_1_203' title='bbox 955 3245 1135 3307; x_wconf 71' lang='lat' dir='ltr'><strong>caunum</strong></span> <span class='ocrx_word' id='word_1_204' title='bbox 1153 3248 1306 3328; x_wconf 70' lang='lat' dir='ltr'><strong>mayoc,</strong></span> 
     </span>
     <span class='ocr_line' id='line_1_27' title="bbox 157 3335 1307 3412; baseline 0.003 -17"><span class='ocrx_word' id='word_1_205' title='bbox 157 3337 308 3396; x_wconf 79' lang='lat' dir='ltr'><strong>Diomedis</strong></span> <span class='ocrx_word' id='word_1_206' title='bbox 326 3341 352 3396; x_wconf 85' lang='lat' dir='ltr'><strong>ci</strong></span> <span class='ocrx_word' id='word_1_207' title='bbox 369 3335 516 3397; x_wconf 75' lang='lat' dir='ltr'><strong>Anasioai</strong></span> <span class='ocrx_word' id='word_1_208' title='bbox 537 3339 664 3412; x_wconf 72' lang='lat' dir='ltr'><strong>exempl„</strong></span> <span class='ocrx_word' id='word_1_209' title='bbox 687 3338 836 3397; x_wconf 54' lang='lat' dir='ltr'><strong>Priscian</strong></span> <span class='ocrx_word' id='word_1_210' title='bbox 852 3337 982 3397; x_wconf 79' lang='lat' dir='ltr'><strong>Heidelb.</strong></span> <span class='ocrx_word' id='word_1_211' title='bbox 1006 3340 1133 3398; x_wconf 82' lang='lat' dir='ltr'><strong>camort.</strong></span> <span class='ocrx_word' id='word_1_212' title='bbox 1157 3338 1307 3399; x_wconf 74' lang='lat' dir='ltr'><strong>Prisciani</strong></span> 
     </span>
     <span class='ocr_line' id='line_1_28' title="bbox 159 3426 1308 3501; baseline 0.001 -15"><span class='ocrx_word' id='word_1_213' title='bbox 159 3428 220 3486; x_wconf 94' lang='grc'>797</span> <span class='ocrx_word' id='word_1_214' title='bbox 245 3426 316 3486; x_wconf 85' lang='lat' dir='ltr'><strong>Par.</strong></span> <span class='ocrx_word' id='word_1_215' title='bbox 340 3426 370 3485; x_wconf 85' lang='lat' dir='ltr'><em>R</em></span> <span class='ocrx_word' id='word_1_216' title='bbox 397 3429 526 3486; x_wconf 83' lang='lat' dir='ltr'><strong>camarte</strong></span> <span class='ocrx_word' id='word_1_217' title='bbox 555 3427 673 3486; x_wconf 74' lang='lat' dir='ltr'><strong>Minici.</strong></span> <span class='ocrx_word' id='word_1_218' title='bbox 695 3427 888 3501; x_wconf 45' lang='grc'><strong>1155215551.</strong></span> <span class='ocrx_word' id='word_1_219' title='bbox 917 3431 993 3493; x_wconf 77' lang='lat' dir='ltr'><strong>tert,</strong></span> <span class='ocrx_word' id='word_1_220' title='bbox 1020 3426 1169 3487; x_wconf 67' lang='grc' dir='ltr'><em>Ρνίεάαηὶ</em></span> <span class='ocrx_word' id='word_1_221' title='bbox 1193 3429 1257 3488; x_wconf 89' lang='grc'>797</span> <span class='ocrx_word' id='word_1_222' title='bbox 1282 3432 1308 3487; x_wconf 82' lang='grc'><strong>55</strong></span> 
     </span>
     <span class='ocr_line' id='line_1_29' title="bbox 159 3514 1305 3591; baseline 0.003 -16"><span class='ocrx_word' id='word_1_223' title='bbox 159 3517 222 3576; x_wconf 94' lang='grc'><strong>799</strong></span> <span class='ocrx_word' id='word_1_224' title='bbox 237 3514 394 3591; x_wconf 64' lang='lat' dir='ltr'><strong>Barzaura,</strong></span> <span class='ocrx_word' id='word_1_225' title='bbox 415 3517 478 3576; x_wconf 93' lang='grc'><strong>799</strong></span> <span class='ocrx_word' id='word_1_226' title='bbox 494 3514 611 3584; x_wconf 76' lang='lat' dir='ltr'><strong>Rama,</strong></span> <span class='ocrx_word' id='word_1_227' title='bbox 624 3517 772 3576; x_wconf 84' lang='lat' dir='ltr'><strong>Macrobii</strong></span> <span class='ocrx_word' id='word_1_228' title='bbox 785 3514 890 3576; x_wconf 80' lang='lat' dir='ltr'><strong>Solisb.</strong></span> <span class='ocrx_word' id='word_1_229' title='bbox 910 3517 1068 3575; x_wconf 69' lang='grc'><strong>55155155</strong></span> <span class='ocrx_word' id='word_1_230' title='bbox 1083 3516 1232 3577; x_wconf 69' lang='grc' dir='ltr'><strong>Ρνὶεοίαηί</strong></span> <span class='ocrx_word' id='word_1_231' title='bbox 1242 3518 1305 3578; x_wconf 89' lang='grc'>797</span> 
     </span>
     <span class='ocr_line' id='line_1_30' title="bbox 157 3604 1308 3679; baseline 0.003 -17"><span class='ocrx_word' id='word_1_232' title='bbox 157 3605 246 3664; x_wconf 85' lang='lat' dir='ltr'><strong>Hulb.</strong></span> <span class='ocrx_word' id='word_1_233' title='bbox 283 3607 433 3665; x_wconf 80' lang='grc'><strong>5511151555</strong></span> <span class='ocrx_word' id='word_1_234' title='bbox 452 3605 600 3665; x_wconf 80' lang='lat' dir='ltr'><strong>Prisciani</strong></span> <span class='ocrx_word' id='word_1_235' title='bbox 622 3610 648 3665; x_wconf 86' lang='lat' dir='ltr'><strong>ci</strong></span> <span class='ocrx_word' id='word_1_236' title='bbox 670 3606 818 3666; x_wconf 85' lang='lat' dir='ltr'><strong>Macrobii</strong></span> <span class='ocrx_word' id='word_1_237' title='bbox 840 3627 873 3665; x_wconf 88' lang='grc' dir='ltr'><strong>ω.</strong></span> <span class='ocrx_word' id='word_1_238' title='bbox 917 3604 975 3665; x_wconf 77' lang='lat' dir='ltr'><strong>Sed</strong></span> <span class='ocrx_word' id='word_1_239' title='bbox 1001 3608 1098 3679; x_wconf 72' lang='grc'><strong>755515</strong></span> <span class='ocrx_word' id='word_1_240' title='bbox 1121 3607 1308 3667; x_wconf 81' lang='lat' dir='ltr'><strong>Macrobium</strong></span> 
     </span>
     <span class='ocr_line' id='line_1_31' title="bbox 158 3692 1307 3769; baseline 0.003 -17"><span class='ocrx_word' id='word_1_241' title='bbox 158 3692 291 3754; x_wconf 84' lang='lat' dir='ltr'><strong>Camerti</strong></span> <span class='ocrx_word' id='word_1_242' title='bbox 314 3696 414 3769; x_wconf 62' lang='lat' dir='ltr'><strong>iecisse</strong></span> <span class='ocrx_word' id='word_1_243' title='bbox 435 3712 548 3754; x_wconf 82' lang='lat' dir='ltr'><strong>neccsse</strong></span> <span class='ocrx_word' id='word_1_244' title='bbox 566 3698 614 3762; x_wconf 80' lang='lat' dir='ltr'><strong>cst,</strong></span> <span class='ocrx_word' id='word_1_245' title='bbox 638 3697 688 3769; x_wconf 78' lang='lat' dir='ltr'><strong>qui</strong></span> <span class='ocrx_word' id='word_1_246' title='bbox 711 3695 831 3755; x_wconf 74' lang='grc'><strong>555555</strong></span> <span class='ocrx_word' id='word_1_247' title='bbox 854 3692 1024 3754; x_wconf 84' lang='lat' dir='ltr'><strong>Camertem</strong></span> <span class='ocrx_word' id='word_1_248' title='bbox 1042 3695 1088 3754; x_wconf 82' lang='lat' dir='ltr'><strong>bic</strong></span> <span class='ocrx_word' id='word_1_249' title='bbox 1107 3696 1166 3755; x_wconf 76' lang='lat' dir='ltr'><strong>dici</strong></span> <span class='ocrx_word' id='word_1_250' title='bbox 1188 3700 1307 3763; x_wconf 78' lang='grc'><strong>5155557,</strong></span> 
     </span>
     <span class='ocr_line' id='line_1_32' title="bbox 158 3775 1308 3866; baseline 0.003 -25"><span class='ocrx_word' id='word_1_251' title='bbox 158 3801 241 3855; x_wconf 73' lang='lat' dir='ltr'><strong>quem</strong></span> <span class='ocrx_word' id='word_1_252' title='bbox 268 3786 301 3843; x_wconf 82' lang='lat' dir='ltr'><strong>in</strong></span> <span class='ocrx_word' id='word_1_253' title='bbox 329 3785 436 3844; x_wconf 76' lang='grc'><strong>555555</strong></span> <span class='ocrx_word' id='word_1_254' title='bbox 464 3775 560 3866; x_wconf 84' lang='grc'><strong>(562)</strong></span> <span class='ocrx_word' id='word_1_255' title='bbox 583 3786 700 3844; x_wconf 78' lang='lat' dir='ltr'><strong>Aeacus</strong></span> <span class='ocrx_word' id='word_1_256' title='bbox 727 3785 860 3844; x_wconf 69' lang='lat' dir='ltr'><strong>occidoii</strong></span> <span class='ocrx_word' id='word_1_257' title='bbox 973 3786 1035 3845; x_wconf 84' lang='grc'><strong>225</strong></span> <span class='ocrx_word' id='word_1_258' title='bbox 1065 3783 1168 3855; x_wconf 81' lang='lat' dir='ltr'><strong>Qvol</strong></span> <span class='ocrx_word' id='word_1_259' title='bbox 1187 3785 1216 3843; x_wconf 91' lang='lat' dir='ltr'>P</span> <span class='ocrx_word' id='word_1_260' title='bbox 1239 3783 1308 3845; x_wconf 81' lang='lat' dir='ltr'><strong>cv1</strong></span> 
     </span>
     <span class='ocr_line' id='line_1_33' title="bbox 158 3871 1308 3952; baseline 0.003 -22"><span class='ocrx_word' id='word_1_261' title='bbox 158 3871 279 3952; x_wconf 75' lang='lat' dir='ltr'><strong>MRybc</strong></span> <span class='ocrx_word' id='word_1_262' title='bbox 369 3874 431 3932; x_wconf 89' lang='grc'><strong>227</strong></span> <span class='ocrx_word' id='word_1_263' title='bbox 457 3873 551 3933; x_wconf 89' lang='lat' dir='ltr'><strong>inscia</strong></span> <span class='ocrx_word' id='word_1_264' title='bbox 573 3874 759 3948; x_wconf 67' lang='grc'><strong>1115515555.</strong></span> <span class='ocrx_word' id='word_1_265' title='bbox 783 3877 810 3933; x_wconf 82' lang='lat' dir='ltr'><strong>et</strong></span> <span class='ocrx_word' id='word_1_266' title='bbox 831 3874 949 3948; x_wconf 63' lang='lat' dir='ltr'><strong>Messoa.</strong></span> <span class='ocrx_word' id='word_1_267' title='bbox 968 3893 1017 3948; x_wconf 79' lang='lat' dir='ltr'><strong>pr.</strong></span> <span class='ocrx_word' id='word_1_268' title='bbox 1107 3873 1189 3933; x_wconf 86' lang='lat' dir='ltr'><strong>haud</strong></span> <span class='ocrx_word' id='word_1_269' title='bbox 1207 3874 1308 3934; x_wconf 87' lang='lat' dir='ltr'><strong>nescia</strong></span> 
     </span>
     <span class='ocr_line' id='line_1_34' title="bbox 157 3963 1219 4038; baseline 0.003 -18"><span class='ocrx_word' id='word_1_270' title='bbox 157 3980 260 4020; x_wconf 86' lang='lat' dir='ltr'><strong>rarum</strong></span> <span class='ocrx_word' id='word_1_271' title='bbox 288 3966 355 4036; x_wconf 80' lang='lat' dir='ltr'><strong>posi</strong></span> <span class='ocrx_word' id='word_1_272' title='bbox 383 3981 409 4021; x_wconf 81' lang='grc'><strong>5.</strong></span> <span class='ocrx_word' id='word_1_273' title='bbox 436 3964 497 4021; x_wconf 92' lang='grc'><strong>222</strong></span> <span class='ocrx_word' id='word_1_274' title='bbox 511 3981 552 4037; x_wconf 77' lang='lat' dir='ltr'><strong>aq.</strong></span> <span class='ocrx_word' id='word_1_275' title='bbox 584 3965 657 4024; x_wconf 80' lang='lat' dir='ltr'><strong>satis</strong></span> <span class='ocrx_word' id='word_1_276' title='bbox 684 3965 777 4023; x_wconf 79' lang='lat' dir='ltr'><strong>otiosa</strong></span> <span class='ocrx_word' id='word_1_277' title='bbox 799 3979 859 4024; x_wconf 82' lang='lat' dir='ltr'><strong>esse</strong></span> <span class='ocrx_word' id='word_1_278' title='bbox 885 3964 1026 4024; x_wconf 77' lang='lat' dir='ltr'><strong>iudicavit</strong></span> <span class='ocrx_word' id='word_1_279' title='bbox 1053 3963 1219 4038; x_wconf 73' lang='lat' dir='ltr'><strong>Waynerus</strong></span> 
     </span>
    </p>
   </div>
   <div class='ocr_carea' id='block_1_5' title="bbox 160 4058 1308 4171">
    <p class='ocr_par' dir='ltr' id='par_1_14' title="bbox 160 4058 1308 4171">
     <span class='ocr_line' id='line_1_35' title="bbox 160 4058 1308 4171; baseline 0.002 -27"><span class='ocrx_word' id='word_1_280' title='bbox 160 4088 224 4146; x_wconf 83' lang='lat'><strong>230</strong></span> <span class='ocrx_word' id='word_1_281' title='bbox 247 4082 298 4163; x_wconf 75' lang='lat' dir='ltr'><strong>an]</strong></span> <span class='ocrx_word' id='word_1_282' title='bbox 324 4085 377 4146; x_wconf 81' lang='grc'><strong>15</strong></span> <span class='ocrx_word' id='word_1_283' title='bbox 401 4080 439 4170; x_wconf 87' lang='grc'><strong>(5</strong></span> <span class='ocrx_word' id='word_1_284' title='bbox 463 4091 494 4148; x_wconf 76' lang='lat' dir='ltr'><strong>a</strong></span> <span class='ocrx_word' id='word_1_285' title='bbox 516 4079 592 4171; x_wconf 74' lang='lat' dir='ltr'><strong>ras.)</strong></span> <span class='ocrx_word' id='word_1_286' title='bbox 611 4088 640 4147; x_wconf 76' lang='grc'><strong>5</strong></span> <span class='ocrx_word' id='word_1_287' title='bbox 706 4087 853 4159; x_wconf 75' lang='lat' dir='ltr'><strong>sauvis</strong></span> <span class='ocrx_word' id='word_1_288' title='bbox 873 4087 947 4169; x_wconf 58' lang='lat' dir='ltr'><strong>nyx:</strong></span> <span class='ocrx_word' id='word_1_289' title='bbox 971 4089 1092 4163; x_wconf 70' lang='grc'><strong>55515</strong></span> <span class='ocrx_word' id='word_1_290' title='bbox 1184 4088 1246 4147; x_wconf 81' lang='grc'><strong>151</strong></span> <span class='ocrx_word' id='word_1_291' title='bbox 1273 4058 1308 4146; x_wconf 74' lang='grc' dir='ltr'><strong>[ἷ-</strong></span> 
     </span>
    </p>
   </div>
   <div class='ocr_carea' id='block_1_6' title="bbox 155 4188 1311 4487">
    <p class='ocr_par' dir='ltr' id='par_1_15' title="bbox 155 4188 1311 4487">
     <span class='ocr_line' id='line_1_36' title="bbox 158 4188 1307 4312; baseline 0 -23"><span class='ocrx_word' id='word_1_292' title='bbox 158 4230 271 4310; x_wconf 78' lang='lat' dir='ltr'><strong>musy:</strong></span> <span class='ocrx_word' id='word_1_293' title='bbox 295 4232 332 4304; x_wconf 77' lang='lat' dir='ltr'><strong>cs.</strong></span> <span class='ocrx_word' id='word_1_294' title='bbox 350 4232 427 4306; x_wconf 76' lang='lat' dir='ltr'><strong>proi.</strong></span> <span class='ocrx_word' id='word_1_295' title='bbox 448 4233 513 4291; x_wconf 83' lang='grc'><strong>394</strong></span> <span class='ocrx_word' id='word_1_296' title='bbox 584 4188 818 4312; x_wconf 55' lang='grc' dir='ltr'><strong>1’ἰγΗΙΝΟΙί</strong></span> <span class='ocrx_word' id='word_1_297' title='bbox 927 4233 989 4291; x_wconf 88' lang='grc'><strong>232</strong></span> <span class='ocrx_word' id='word_1_298' title='bbox 1014 4233 1162 4304; x_wconf 67' lang='grc'><strong>5151155555</strong></span> <span class='ocrx_word' id='word_1_299' title='bbox 1184 4230 1307 4310; x_wconf 79' lang='lat' dir='ltr'><strong>Heynio,</strong></span> 
     </span>
     <span class='ocr_line' id='line_1_37' title="bbox 155 4311 1311 4487; baseline 0 -107"><span class='ocrx_word' id='word_1_300' title='bbox 155 4322 259 4470; x_wconf 40' lang='lat' dir='ltr'><strong>1503ng</strong></span> <span class='ocrx_word' id='word_1_301' title='bbox 261 4340 284 4469; x_wconf 62' lang='lat' dir='ltr'><em>g</em></span> <span class='ocrx_word' id='word_1_302' title='bbox 299 4320 402 4487; x_wconf 42' lang='lat' dir='ltr'><strong>{aaa</strong></span> <span class='ocrx_word' id='word_1_303' title='bbox 470 4319 714 4402; x_wconf 58' lang='grc'><strong>5575515515</strong></span> <span class='ocrx_word' id='word_1_304' title='bbox 804 4321 867 4381; x_wconf 89' lang='grc'><strong>235</strong></span> <span class='ocrx_word' id='word_1_305' title='bbox 886 4317 1010 4380; x_wconf 81' lang='lat' dir='ltr'>VIVOS</span> <span class='ocrx_word' id='word_1_306' title='bbox 1025 4312 1065 4400; x_wconf 85' lang='grc' dir='ltr'><strong>(Ο</strong></span> <span class='ocrx_word' id='word_1_307' title='bbox 1085 4337 1158 4380; x_wconf 84' lang='lat' dir='ltr'><strong>corr.</strong></span> <span class='ocrx_word' id='word_1_308' title='bbox 1176 4321 1209 4379; x_wconf 81' lang='lat' dir='ltr'><strong>in</strong></span> <span class='ocrx_word' id='word_1_309' title='bbox 1223 4311 1311 4402; x_wconf 36' lang='lat' dir='ltr'><strong>v)‚P</strong></span> 
     </span>
    </p>
   </div>
   <div class='ocr_carea' id='block_1_7' title="bbox 0 0 1527 4964">
    <p class='ocr_par' dir='ltr' id='par_1_16' title="bbox 0 0 1527 4964">
     <span class='ocr_line' id='line_1_38' title="bbox 0 0 1527 4964; baseline 0 0"><span class='ocrx_word' id='word_1_310' title='bbox 0 0 1527 4964; x_wconf 95' lang='lat' dir='ltr'><strong> </strong></span> 
     </span>
    </p>
   </div>
  </div>
 </body>
</html>
