3052 4972
237 352 304 418 420
638 349 788 413 VERGILL
805 349 936 406 cunels
954 349 980 406 V

305 518 374 601 ipse
397 516 595 602 gubernator
617 518 718 602 puppi
741 499 912 581 Palinurus
936 516 976 580 ab
1000 516 1066 579 alta

307 623 394 687 ‘heu!
419 623 570 707 quianam
593 624 677 687 tanti
700 624 868 688 cinxerunt
892 622 1021 688 aethera
1042 622 1166 686 nimbi?

308 730 433 816 quidve,
455 733 546 814 pater
569 728 729 816 Neptune,
751 723 879 815 parasP'
903 731 948 795 sic
971 729 1082 795 deinde
1105 729 1232 792 locutus

307 837 457 921 colligere
480 860 569 901 arma
591 837 681 902 iubet
704 838 881 923 validisque
904 838 1087 901 incumbere
1109 836 1216 921 remis,
1352 851 1386 898 15

308 944 517 1028 obliquatque
540 945 631 1009 sinus
654 945 689 1009 in
711 948 844 1010 ventum
867 967 904 1008 ao
926 945 1004 1008 talia
1026 927 1128 1008 fatur:

307 1050 522 1136 ‘magnanime
545 1051 663 1139 Aenea,
684 1074 760 1139 non,
783 1052 811 1116 si
834 1052 914 1133 mihi
937 1051 1083 1135 Iuppiter
1106 1054 1217 1114 auctor

307 1157 473 1243 spondeat,
494 1156 556 1221 hoc
579 1179 703 1242 sperem
725 1157 854 1223 Italiam
877 1159 1063 1243 contingere
1087 1157 1181 1221 caelo.

307 1263 425 1328 mutati
448 1266 633 1328 transversa
655 1264 797 1328 fremunt
820 1268 853 1327 et
875 1286 1006 1347 vespere
1030 1263 1070 1327 ab
1094 1268 1165 1327 atro

307 1373 506 1455 consurgunt
529 1372 628 1457 venti,
650 1376 747 1455 atque
769 1371 804 1434 in
826 1370 945 1434 nubem
968 1370 1095 1455 cogitur
1118 1377 1178 1434 aer.
1350 1388 1387 1436 20

306 1501 364 1542 nec
385 1499 446 1541 nos
470 1476 575 1540 obniti
599 1482 711 1541 contra
733 1499 792 1541 nec
815 1477 943 1541 tendere
966 1481 1093 1541 tantum

307 1584 493 1649 sufficimus.
541 1587 671 1667 superat
694 1584 848 1668 quoniam
870 1582 1024 1671 Fortuna,
1047 1605 1226 1668 sequamur,

308 1712 435 1776 quoque
458 1693 561 1776 vocat,
583 1694 745 1755 vertamus
769 1692 839 1756 iter.
884 1713 943 1754 nco
966 1691 1063 1755 litora
1085 1690 1181 1775 longe

307 1798 371 1862 fida
393 1819 465 1861 reor
488 1798 630 1861 fraterna
652 1797 768 1882 Erycis
791 1801 969 1882 portusque
993 1794 1135 1881 Sicanos,

308 1904 337 1968 si
360 1904 454 1968 modo
478 1903 540 1966 rite
563 1926 685 1969 memor
709 1907 836 1969 servata
858 1905 1009 1969 remetior
1033 1904 1139 1968 astra’
1355 1922 1390 1970 25

308 2016 379 2076 tum
401 2011 474 2094 pius
497 2010 622 2074 Aeneas
647 2011 805 2095 ‘equidem
829 2011 874 2075 sic
897 2032 1027 2094 poscere
1050 2014 1163 2075 ventos

309 2117 483 2183 iandudum
506 2122 539 2180 et
561 2119 684 2182 frustra
707 2140 801 2182 cerno
825 2121 857 2182 te
880 2118 1008 2182 tendere
1032 2121 1151 2182 contra.

309 2226 401 2290 flecte
424 2224 510 2288 viam
532 2225 621 2288 velis.
667 2247 709 2288 an
732 2226 775 2289 sit
798 2224 878 2289 mihi
901 2225 1024 2310 gratior
1047 2225 1123 2310 ulla,

310 2354 413 2416 quove
436 2331 540 2416 magis
564 2332 665 2395 fessas
689 2335 798 2415 optem
820 2331 988 2395 demittere
1009 2331 1112 2417 navis,

310 2463 406 2523 quam
430 2461 511 2523 quae
533 2436 732 2502 Dardanium
755 2439 851 2502 tellus
874 2439 954 2502 mihi
978 2442 1084 2502 servat
1106 2436 1246 2502 Acesten
1354 2457 1390 2505 30

336 2650 502 2686 memnona.
529 2638 561 2686 13
571 2630 731 2685 Priscianus
742 2635 819 2685 1034.
830 2636 906 2686 1060.
919 2635 987 2685 1169
993 2630 1021 2686 P.
1036 2630 1122 2685 schol.
1134 2631 1233 2685 Veron.
1245 2635 1305 2699 102,
1316 2637 1350 2685 30
1356 2630 1391 2688 Κ.

245 2704 353 2773 explan.
374 2702 404 2756 in
417 2702 488 2759 Don.
503 2703 541 2757 IV
556 2707 607 2756 559
618 2702 650 2757 Κ.
670 2705 733 2783 (om.
751 2702 862 2768 ‘tanti’)
915 2702 982 2756 ‘heu
1000 2745 1006 2757 .
1027 2745 1033 2757 .
1054 2746 1059 2757 .
1079 2701 1235 2756 cinxerunt’
1255 2701 1307 2756 ult.
1327 2702 1390 2770 syll.

244 2775 282 2828 IV
299 2775 394 2829 24711.
451 2773 607 2842 ‘quianam’
630 2771 820 2838 Quintilianus
835 2773 938 2842 111113,
953 2779 987 2826 25
1042 2772 1188 2841 ‘quianam
1208 2817 1214 2828 .
1234 2816 1240 2828 .
1261 2816 1266 2828 .
1287 2772 1388 2826 nimbi’

245 2845 389 2902 Charisius
403 2846 416 2898 I
431 2850 481 2898 192
492 2845 525 2899 Κ.
545 2844 705 2899 Priscianus
721 2848 790 2898 1027
801 2845 830 2900 P.
905 2850 938 2899 14
959 2843 1073 2912 ‘quidve
1094 2887 1099 2898 .
1117 2888 1122 2898 .
1138 2887 1144 2899 .
1163 2844 1258 2913 paras’
1276 2844 1390 2899 Servius

244 2918 312 2973 Aen.
331 2917 423 2971 11189
452 2915 539 2971 schol.
558 2916 624 2970 Hor.
645 2933 727 2971 carm.
747 2916 803 2984 13,
823 2921 839 2967 3
913 2922 946 2969 15
966 2914 1074 2969 Nonius
1092 2920 1153 2984 273,
1174 2921 1206 2969 19
1228 2914 1390 2970 Priscianus

246 2994 314 3043 1219
326 2990 356 3041 P.
377 2987 521 3057 ‘colligere
541 3005 566 3042 a.
585 2987 615 3041 i.'
637 2987 749 3043 Servius
767 2987 836 3041 Aen.
856 2987 868 3040 I
888 2992 1018 3042 119183
1093 2993 1125 3040 15
1136 3005 1177 3056 sq.
1199 2986 1312 3040 ‘validis
1331 2987 1349 3040 i.
1367 3006 1390 3043 r.

245 3059 376 3128 obliquat
394 3077 415 3111 s.
435 3057 465 3111 in
484 3060 594 3113 ventos'
616 3059 729 3114 Servius
747 3060 816 3114 Aen.
831 3059 844 3113 I
860 3064 911 3112 104
984 3063 1017 3112 17
1038 3057 1228 3126 ‘magnanime
1248 3057 1389 3112 13165]-

243 3133 324 3200 peius
343 3131 368 3185 V
387 3134 438 3183 147
449 3129 482 3183 Κ.
501 3128 695 3184 Cassiodorius
720 3130 754 3184 de
777 3130 844 3184 dial.
864 3130 951 3199 (Pom.
971 3130 1041 3199 Hp.
1062 3130 1142 3183 5471)
1162 3131 1204 3185 ed.
1219 3128 1288 3183 Ven.
1309 3133 1391 3197 1729)

316 3208 350 3255 19
371 3200 486 3254 ‘mutati
504 3202 524 3257 t.
544 3202 574 3257 i.'
597 3201 708 3256 Servius
726 3219 771 3272 ge.
791 3201 803 3254 I
823 3206 874 3254 318
948 3207 982 3254 20
1001 3200 1124 3255 Isidorus
1148 3201 1183 3254 de
1206 3202 1263 3255 nat.
1282 3216 1335 3255 rer.
1355 3207 1389 3254 32

244 3292 271 3343 p.
287 3278 320 3327 58
332 3273 362 3326 Β,
380 3273 477 3340 ‘atque
496 3316 502 3327 .
525 3315 531 3326 .
551 3314 557 3326 .
577 3275 635 3326 aer’
657 3273 780 3327 Isidorus
799 3273 869 3342 orig.
883 3271 949 3326 Xlll
964 3279 988 3341 7,
1004 3279 1019 3326 2
1040 3273 1150 3326 Servius
1170 3273 1238 3327 Aen.
1253 3272 1265 3324 I
1281 3275 1321 3326 71.
1337 3277 1389 3326 587

316 3349 349 3396 21
357 3362 397 3411 sq.
414 3343 476 3396 ‘nec
490 3358 541 3396 nos
558 3385 563 3397 .
579 3387 585 3399 .
602 3387 607 3399 .
624 3344 788 3398 sufficimus'
805 3343 914 3398 Nonius
929 3350 991 3412 386,
1006 3350 1022 3397 6
1094 3349 1127 3396 21
1145 3344 1207 3397 ‘nec
1221 3385 1227 3398 .
1239 3384 1263 3396 ..
1278 3344 1388 3396 contra'
1450 3338 1455 3347 '

246 3414 358 3468 Servius
377 3415 445 3468 Aen.
466 3414 491 3467 H
510 3418 562 3468 378
587 3419 658 3470 Acro
678 3415 745 3472 Hor.
765 3432 849 3471 carm.
868 3415 881 3468 I
900 3422 943 3484 29,
963 3420 996 3468 16
1068 3419 1102 3468 23
1127 3414 1248 3483 ‘quoque
1265 3431 1292 3468 r.
1311 3432 1337 3468 v.
1357 3413 1388 3468 i.'

245 3502 344 3540 comm.
364 3486 445 3540 Bern.
464 3485 569 3540 Lucani
588 3487 613 3541 V
633 3488 726 3543 57411.
800 3494 833 3542 26
845 3504 886 3555 sq.
912 3486 1053 3554 ‘equidem
1074 3529 1079 3539 .
1100 3528 1107 3541 .
1127 3529 1132 3540 .
1151 3485 1260 3539 contra'
1281 3483 1390 3539 Nonius

245 3561 306 3624 374,
322 3562 355 3610 19
428 3561 461 3610 27
483 3558 543 3612 ‘et.
560 3603 565 3613 .
582 3601 588 3614 .
603 3560 712 3613 oontra'
734 3558 845 3613 Servius
861 3565 930 3612 Aen.
946 3560 969 3611 V
987 3564 1019 3611 19
1076 3558 1116 3611 ‘te
1134 3559 1154 3610 t.
1169 3557 1204 3610 c.’
1221 3555 1307 3610 schol.
1322 3555 1389 3612 Hor.

246 3645 330 3683 carm.
341 3627 405 3698 129,
416 3633 449 3681 16
522 3634 556 3683 28
568 3629 660 3685 ‘flecte
669 3649 695 3685 r.
706 3632 743 3684 v.'
757 3629 868 3684 Servius
878 3629 946 3685 Aen.
957 3630 1034 3684 11117
1090 3634 1123 3682 29
1133 3624 1291 3682 Priscianus
1303 3627 1390 3682 7751).

334 3832 429 3875 vsnm
447 3834 569 3876 nncrro.
615 3818 655 3875 14
679 3816 789 3894 quique
808 3816 892 3876 schol.
911 3817 986 3876 Hor.
1078 3816 1118 3875 15
1138 3815 1285 3936 corripeIre
1303 3830 1390 3892 prop.

246 3959 411 4018 Ludevious
439 3959 581 4037 colligere
605 3962 745 4018 {araretur
767 3957 887 4019 Servios
909 3964 935 4018 et
956 3959 1072 4018 Nonius
1164 3960 1202 4016 19
1228 3932 1334 4016 Auito
1354 3958 1390 4014 M

247 4051 313 4108 atro
334 4053 455 4108 testatur
467 4047 587 4109 Servius
679 4049 720 4106 20
738 4048 833 4107 nubes
847 4049 981 4108 Isidorus
995 4049 1029 4107 dc
1042 4051 1102 4107 out
1115 4065 1172 4106 rer.
1264 4048 1303 4105 23
1319 4064 1391 4122 qua·

248 4209 304 4268 que
331 4191 486 4256 Parracis,
513 4189 598 4248 schol.
622 4190 740 4251 Laconi
806 4131 943 4251 uictu
965 4191 1007 4249 M
1094 4192 1134 4250 29
1164 4208 1283 4267 quoque
1310 4188 1391 4247 Pris-

247 4282 358 4426 00ηὲ3
380 4279 571 4426 Adoqlngsstgm
582 4296 636 4426 εἷίχ
649 4278 872 4340 DIMITTERE
884 4282 1010 4360 MPyau
1024 4281 1171 4340 Prisciani
1185 4301 1208 4338 ω
1254 4279 1348 4337 naues
1359 4280 1393 4337 00
