3000 4958
764 362 864 420 CIBIS.

315 553 374 595 nee
396 534 514 616 ruerat,
537 531 571 594 ni
594 524 702 614 Scylla
723 550 809 594 novo
833 532 985 612 conrepta
1003 527 1121 613 furore,
1368 547 1424 595 rso

316 636 433 724 Scylla,
456 639 558 722 patris
581 638 690 703 miseri
713 638 900 722 patriaeque
923 628 1054 700 inventa
1073 634 1299 722 sepulchrum,

316 768 334 809 o
357 745 494 809 nimium
517 745 640 829 cupidis
665 744 775 809 Minoa
797 743 953 808 inhiasset
977 743 1095 807 ocellis.

318 851 372 915 sed
395 851 499 916 malus
522 852 576 915 ille
599 873 688 937 puer,
711 873 805 936 quem
828 872 887 914 nec
910 871 969 914 sua
991 848 1118 912 flectere
1139 853 1249 913 mater

315 959 434 1023 iratum
456 959 575 1045 potuit,
597 981 692 1044 quem
711 981 769 1023 neo
792 963 884 1043 pater
907 963 1004 1042 atque
1027 979 1105 1021 avus
1127 957 1214 1021 idem

314 1064 458 1150 luppiter
483 1064 552 1152 (ille
576 1067 673 1131 etiam
696 1065 822 1131 Poenos
845 1065 1002 1129 domitare
1025 1064 1143 1149 leones,
1367 1084 1421 1132 13⁶

314 1177 346 1237 et
369 1172 490 1236 validas
514 1172 625 1237 docuit
648 1173 733 1237 vires
756 1193 977 1237 mansuescere
999 1171 1105 1256 tigris,

314 1278 368 1342 ille
391 1279 489 1342 etiam
512 1278 604 1342 divos
626 1276 774 1343 homines
799 1317 839 1324 -
866 1278 921 1342 sed
950 1278 1052 1342 dicere
1080 1298 1238 1363 magnum
1264 1278 1348 1366 est),

314 1385 398 1450 idem
421 1389 491 1450 tum
513 1386 619 1450 tristis
643 1385 775 1450 acuebat
798 1386 952 1471 parvulus
976 1386 1048 1449 iras.

313 1492 449 1557 Iunonis
473 1514 608 1578 magnae
632 1491 737 1579 (errius
761 1493 902 1577 periuria
924 1493 1015 1557 divae

315 1599 393 1665 olim
416 1601 443 1684 †
455 1623 488 1664 se
510 1600 683 1664 meminere
707 1600 762 1663 diu
785 1601 913 1684 periura
936 1599 1060 1683 puellae

316 1708 414 1791 †non
437 1707 519 1772 nulli
542 1705 652 1794 liceat)
675 1706 852 1771 violaverat
875 1707 975 1770 inscia
997 1705 1117 1791 sedem,

316 1814 392 1879 dum
417 1815 516 1879 sacris
536 1818 667 1898 operata
690 1814 765 1879 deae
788 1814 916 1879 lascivit
939 1818 971 1877 et
994 1818 1085 1878 extra

315 1921 460 2006 procedit
481 1922 579 2007 longe
601 1926 742 1992 matrum
764 1921 982 2005 comitumque
1000 1925 1171 2006 catervam,
1267 2001 1274 2012 ¹

318 2049 506 2111 suspensam
529 2029 671 2113 gaudens
695 2029 728 2092 in
752 2050 884 2113 corpore
907 2028 1017 2091 ludere
1039 2032 1160 2092 vestem

317 2140 349 2199 et
372 2135 513 2199 tumidos
537 2136 681 2220 agitante
704 2136 794 2200 sinus
819 2135 968 2219 aquilone
992 2134 1147 2199 relaxans.
1358 2154 1411 2202 1⁴⁶

316 2242 451 2306 necdum
475 2243 572 2307 etiam
595 2248 702 2307 castos
725 2245 912 2328 gustaverat
935 2241 1021 2326 ignis
1043 2240 1194 2327 honores,
1221 2320 1229 2333 ⁰

314 2348 449 2413 necdum
473 2349 620 2414 sollemni
643 2349 775 2433 lympha
798 2349 927 2433 perfusa
950 2349 1096 2413 sacerdos

315 2455 465 2540 pallentis
489 2456 577 2520 foliis
601 2460 698 2540 caput
720 2460 891 2520 exornarat
914 2455 1031 2520 olivae:

317 2585 387 2627 oum
412 2563 503 2646 lapsa
526 2585 544 2627 e
566 2563 714 2627 manibus
738 2563 824 2648 fugit
846 2562 919 2647 pila.
962 2585 1097 2648 eumque
1116 2563 1248 2647 relapsa
1273 2569 1337 2651 est,

336 2749 400 2807 130
427 2747 482 2807 hec
502 2749 537 2806 H
560 2747 600 2806 Ni
624 2747 650 2807 0
736 2751 840 2807 ruerat
871 2749 975 2822 scripsi
1007 2748 1109 2807 fuerat
1134 2746 1158 2807 0
1259 2747 1406 2808 defuerat

245 2836 426 2896 Schraderus
443 2837 601 2913 profuerat
618 2838 770 2911 Hauptius
788 2856 841 2896 nco
860 2838 974 2896 frustra
988 2836 1105 2897 Biriins
1127 2836 1229 2895 Nisaei
1245 2838 1406 2897 Baehrens

313 2927 343 2984 ni
363 2926 399 2983 H
417 2927 450 2985 in
468 2926 498 2985 R
522 2927 580 2985 nisi
598 2925 658 2984 AL
681 2925 707 2985 si
725 2926 904 2986 Schraderus
980 2931 1119 3004 correpta
1137 2949 1164 2998 α,
1183 2926 1311 2986 Loensis
1331 2946 1403 2986 con·

246 3014 378 3092 coptaO
493 3017 554 3075 132
584 3012 764 3092 onimium]
791 3015 922 3074 Minoem
945 3015 1087 3075 Heinsius
1171 3014 1274 3073 Minoa
1300 3016 1403 3076 Lach-

245 3123 372 3164 mannns
394 3105 485 3165 Lacr.
499 3124 531 3180 p.
553 3106 616 3164 162
640 3105 666 3164 si
689 3123 748 3163 non
773 3105 797 3163 0
819 3104 913 3164 Minoi
935 3104 1116 3165 Schraderus
1213 3105 1276 3164 135
1301 3107 1403 3164 eciam

244 3194 297 3252 ille
317 3194 353 3251 H
435 3194 563 3254 dormire
587 3197 762 3253 eonheeram
877 3197 937 3253 136
966 3193 1087 3253 rabidas
1110 3193 1243 3268 Heynius
1272 3193 1402 3253 rabidae

245 3283 389 3343 Heinsius
478 3284 563 3343 novit
595 3284 746 3357 Hauptius
779 3282 883 3342 doctus
910 3283 1063 3343 Baehrens
1151 3283 1249 3341 uictas
1272 3283 1301 3340 L

248 3374 309 3431 137
335 3373 420 3432 divos
443 3391 481 3432 sc.
501 3374 596 3433 docuit
618 3390 720 3432 ornare
742 3372 875 3431 homines
968 3373 1030 3432 138
1050 3372 1158 3432 cumL
1228 3371 1349 3447 superis
1369 3373 1400 3431 L

314 3464 376 3520 139
402 3459 547 3538 periuria]
567 3463 632 3520 fera
654 3461 753 3539 iurgia
770 3461 923 3520 Baehrens
991 3463 1055 3522 140
1079 3458 1124 3537 se]
1149 3460 1174 3520 si
1197 3459 1330 3535 Siltiyius
1355 3462 1401 3520 sic

217 3625 219 3627 ‚
244 3548 412 3610 Schwabius
440 3551 492 3610 sed
515 3551 595 3611 Eitis
616 3551 700 3626 ipsae
722 3551 875 3610 Baehrens
898 3549 927 3609 di
950 3551 995 3609 vel
1017 3554 1065 3609 sat
1088 3553 1194 3610 1οηίεοὶ
1260 3551 1400 3609 metuere

244 3638 395 3698 Baehrens
471 3637 537 3716 din]
562 3642 597 3698 ut
618 3640 679 3699 iam
696 3643 840 3715 proposui
916 3642 950 3698 ut
968 3639 1121 3715 periurare
1138 3637 1304 3698 Smuabius

146 3730 152 3738 '
245 3727 322 3786 eheu
341 3728 475 3802 peritura
490 3720 547 3810 (L)
562 3730 664 3804 puella
681 3721 733 3810 (H
748 3719 837 3808 corr.)
851 3728 1004 3788 Baehrens
1073 3731 1133 3787 141
1155 3747 1213 3788 non
1232 3745 1286 3786 oni.
1307 3727 1336 3785 L

244 3818 376 3876 nonulli
394 3816 526 3892 Siliiyius
543 3837 622 3877 nunc
639 3818 717 3878 nulli
730 3817 897 3877 Schwabius
914 3818 992 3877 nulli
1005 3836 1065 3876 non
1083 3819 1189 3877 conieci
1246 3817 1352 3875 lictum
1367 3818 1398 3875 L

244 3906 358 3966 licitam
377 3907 458 3966 Eitis
479 3907 596 3965 licitum
612 3908 753 3967 Heinsius
775 3902 871 3966 libeat
892 3906 1061 3967 Sehwobius
1084 3910 1218 3966 sanctam
1240 3905 1399 3967 Baehrens

244 3995 353 4054 liceant
380 3999 555 4055 eonueerum
625 3998 687 4055 143
707 3999 858 4055 catervam
872 3996 997 4055 [anetina
1019 3994 1181 4055 cateruaO
1245 3995 1308 4054 145
1329 3996 1398 4073 agi·

243 4091 310 4143 tare
333 4086 363 4143 R
477 4081 793 4161 1466111111]61Η
879 4088 980 4145 custos
1008 4085 1044 4142 Η
1073 4090 1187 4145 castros
1212 4084 1240 4141 R
1331 4086 1398 4162 agi-

244 4175 409 4233 tanath
493 4177 556 4235 148
580 4178 704 4234 exornat
722 4174 752 4233 R
774 4177 936 4235 exornatus
954 4174 982 4232 L
1061 4176 1122 4234 149
1146 4174 1229 4249 lapse
1252 4173 1397 4233 manibus

243 4261 336 4321 ABR
416 4282 469 4323 vas
493 4283 509 4322 6
532 4284 571 4324 m.
594 4263 674 4322 fudit
696 4285 725 4340 p.
749 4264 900 4324 Baehrens
974 4281 1090 4340 quoque
1113 4263 1192 4322 Bilis
1275 4262 1399 4338 relapsa

244 4391 290 4445 est
309 4389 452 4448 Heinsius
472 4389 587 4466 relapsa
605 4389 668 4447 HR
690 4359 791 4448 aliie
815 4383 976 4472 (suprascr,
998 4407 1035 4447 rn.
1065 4378 1178 4466 cadon)
1196 4386 1224 4444 L
1250 4405 1287 4445 ea
1310 4387 1400 4464 lapsa
