3038 4966
251 356 316 422 730
654 353 801 409 venem
818 353 997 410 usumsx

319 522 364 586 sic
383 544 512 586 cursum
531 522 566 585 in
584 519 706 585 medios
725 518 855 603 rapidus
874 518 974 585 dedit:
994 502 1120 586 aestuet
1138 522 1256 610 ingens

317 651 382 694 uno
406 629 439 693 in
462 630 556 694 corde
579 627 683 713 pudor
704 626 872 711 mixtoque
895 627 1022 693 insania
1043 629 1142 695 luctu.

317 740 414 821 atque
436 735 490 801 hic
513 735 643 802 Aenean
665 754 783 820 magna
805 738 855 799 ter
877 756 953 799 voce
976 737 1110 802 vocavit.

318 842 442 908 Aeneas
466 843 621 929 adgnovit
644 841 729 907 enim
752 842 920 926 laetusque
943 849 1106 926 precatur:

318 950 376 1015 ‘sic
398 954 490 1035 pater
512 950 567 1014 ille
590 949 685 1015 deum
707 947 814 1033 faciat,
836 947 882 1014 sic
905 949 990 1014 altus
1014 948 1145 1035 Apollo!

317 1057 452 1142 incipias
476 1058 621 1123 conferre
643 1056 796 1121 manum'

317 1169 445 1230 tanturn
469 1165 584 1231 effatus
607 1169 640 1229 et
662 1164 781 1229 infesta
804 1163 893 1228 subit
916 1164 1030 1230 obvius
1053 1166 1156 1231 hasta.

316 1273 371 1337 illc
395 1277 503 1338 autem
526 1271 616 1356 ‘quid
638 1292 689 1336 me
712 1274 833 1356 erepto,
857 1270 1052 1359 saevissime,
1074 1277 1152 1338 nato

317 1380 440 1445 terres?
463 1380 541 1445 haec
563 1380 616 1445 via
639 1378 709 1443 sola
731 1377 804 1464 fuit,
827 1400 890 1462 qua
912 1379 1043 1463 perdere
1066 1403 1186 1466 posses.

317 1508 376 1552 nco
397 1491 535 1552 mortem
556 1486 725 1550 horremus
747 1505 806 1548 nec
828 1484 937 1550 divom
958 1486 1119 1570 parcimus
1143 1488 1210 1552 ulli.

318 1594 439 1660 desine:
462 1617 537 1659 nam
559 1592 653 1657 venio
676 1590 853 1656 moriturus
877 1597 909 1657 et
932 1592 1010 1659 hacc
1032 1594 1095 1659 tibi
1119 1598 1213 1680 porto

317 1701 401 1765 dona
423 1700 534 1786 prius?
580 1697 663 1762 dixit
686 1696 850 1783 telumque
869 1699 1001 1764 intorsit
1023 1701 1058 1765 in
1080 1701 1220 1787 hostem3

317 1808 390 1872 inde
414 1807 501 1872 aliud
524 1827 620 1890 super
643 1808 740 1890 atque
763 1805 851 1871 aliud
873 1807 1019 1894 figitque,
1044 1808 1194 1894 volatque

318 1915 444 2000 ingenti
468 1935 558 2000 gyro,
582 1916 632 1977 set
655 1913 794 1978 sustinet
817 1935 933 1978 aureus
956 1914 1063 1980 umbo.

318 2025 369 2086 ter
391 2021 510 2086 circum
529 2023 690 2085 astantem
712 2019 820 2084 laevos
845 2021 1003 2104 equitavit
1025 2022 1061 2086 in
1084 2023 1178 2087 orbes
1350 2043 1407 2093 885

318 2128 383 2192 tela
405 2150 503 2193 manu
526 2128 654 2213 iaciens,
676 2130 726 2191 ter
749 2148 856 2191 secum
880 2126 997 2192 Troius
1022 2128 1118 2194 heros

317 2258 366 2262 -0
372 2256 530 2264 m..

317 2335 348 2390 et
371 2330 458 2391 furiis
482 2331 616 2408 agitatus
641 2349 725 2390 amor
747 2332 778 2390 et
801 2329 920 2390 conscia
943 2329 1048 2391 virtus.
1348 2347 1405 2396 878

341 2555 507 2592 sessurum.
545 2541 599 2591 870
609 2554 650 2606 sq.
675 2537 802 2591 ‘aestuat
820 2578 826 2592 .
846 2579 853 2593 .
873 2579 879 2592 .
899 2535 988 2590 luctu’
1014 2536 1127 2592 Servius
1145 2538 1214 2593 Aen.
1230 2539 1254 2592 X
1274 2543 1330 2595 388

252 2615 304 2665 875
320 2608 464 2664 Charisius
480 2609 491 2661 l
508 2614 558 2663 192
568 2608 602 2662 K.
622 2606 735 2662 Servius
749 2607 818 2664 Aen.
832 2606 871 2662 VI
890 2612 906 2660 8
924 2608 951 2663 Χ
965 2613 1017 2662 737
1036 2607 1123 2665 schol.
1139 2609 1238 2666 Veron.
1254 2616 1300 2679 88,
1315 2616 1333 2666 5
1350 2611 1408 2670 ‘sic

254 2726 259 2737 .
275 2724 281 2736 .
299 2723 305 2736 .
320 2678 418 2735 feciat‘
435 2678 546 2735 Servius
557 2679 625 2734 Aen.
635 2679 674 2733 III
684 2684 737 2734 558
809 2685 861 2735 878
877 2678 959 2734 ‘haec
974 2723 979 2735 .
995 2722 1001 2735 .
1018 2682 1148 2749 ‚posses’
1164 2680 1327 2737 Macrobius
1343 2684 1407 2741 Sat.

252 2752 290 2807 IV
302 2757 327 2820 4,
338 2757 373 2806 24
388 2749 496 2805 Nonius
506 2756 566 2818 420,
578 2757 612 2805 14
663 2755 714 2806 880
731 2751 794 2805 ‘nec
804 2750 830 2806 d.
841 2770 868 2822 p.
878 2750 917 2806 n.'
933 2767 1033 2806 comm.
1048 2750 1130 2808 Bern.
1144 2752 1249 2807 Lucani
1259 2753 1298 2807 IV
1310 2755 1406 2813 183Κ.

306 2829 357 2879 881
369 2841 409 2892 sq.
430 2823 472 2877 ‘et
491 2866 518 2879 ..
535 2865 540 2878 .
559 2820 649 2892 prius’
671 2820 782 2876 Servius
797 2823 865 2880 Aen.
880 2823 919 2877 XI
938 2827 989 2878 856
1008 2821 1059 2878 ecl.
1074 2822 1141 2878 VIII
1155 2830 1189 2879 60
1260 2828 1315 2879 885
1331 2827 1406 2882 ‘Iae-

252 2911 303 2951 vos
319 2939 324 2951 .
341 2939 347 2950 .
364 2937 369 2950 .
385 2895 478 2950 orbes’
501 2893 655 2948 Arusianus
669 2893 722 2947 7ΙΙ
740 2894 835 2950 48415.

340 3099 436 3142 vanu
458 3098 580 3142 nncvvo.
627 3083 691 3141 870
715 3080 817 3140 cursu.
834 3082 873 3158 72
902 3078 1032 3141 OVRSV
1050 3082 1080 3140 R
1107 3083 1209 3142 cursus
1223 3086 1261 3161 71
1334 3084 1404 3143 RE}-

251 3172 323 3232 DIT
343 3172 372 3230 R
440 3173 555 3245 svosq.
580 3170 994 3230 aestuat...luctu=XII
1014 3172 1129 3245 868sq.
1198 3173 1260 3231 871
1277 3170 1350 3232 Una
1362 3178 1405 3253 72

252 3280 313 3321 uno
336 3260 455 3322 Serum
477 3264 597 3320 testatur
664 3258 750 3319 dolor
772 3251 959 3320 ‘vetustiores'
978 3261 1104 3329 Heinsio}
1126 3262 1276 3322 Mediccera
1298 3262 1407 3324 Pieris

252 3350 352 3427 pudor
373 3350 493 3410 Seruius
515 3350 581 3423 leyit
671 3347 868 3408 872=xss
892 3350 955 3410 668
1024 3355 1115 3410 exstat
1137 3353 1169 3409 ta
1191 3368 1216 3419 c,
1237 3369 1277 3411 m.
1294 3369 1353 3414 rec.
1372 3355 1407 3413 in

252 3459 307 3514 my.
326 3462 354 3518 y,
373 3443 440 3513 post
464 3439 527 3498 875
552 3439 684 3513 Menoe,
712 3456 766 3498 om.
790 3436 932 3517 MPRyb,
962 3456 1020 3498 non
1047 3441 1254 3514 iuterpretatur
1280 3438 1407 3502 Seuius

555 3521 576 3559 u

321 3583 384 3642 873
409 3578 578 3640 ΑΕΝΕΑΕ
595 3582 636 3640 M
655 3597 814 3658 aeneamy
838 3581 964 3642 aeneib
1064 3583 1128 3643 874
1148 3584 1185 3657 cf.
1205 3582 1248 3640 VI
1267 3583 1331 3643 317

254 3673 318 3731 875
347 3671 445 3730 altum
463 3674 496 3730 cl
528 3673 649 3730 sanctus
672 3669 802 3731 Charisii
830 3670 925 3746 Neap.
959 3688 1088 3749 magnus
1116 3673 1242 3732 ciusdem
1268 3680 1405 3748 acepta

255 3761 350 3821 Paris.
371 3760 452 3819 altus
471 3765 612 3820 testantia
629 3758 748 3820 Seruius
763 3761 885 3820 stechel.
906 3761 1008 3820 Veron.
1083 3763 1145 3822 878
1166 3760 1354 3822 venenas
1374 3765 1405 3823 R

323 3849 420 3926 possis
442 3849 535 3910 Nonii
556 3850 675 3923 exempl.
697 3867 800 3926 posses
822 3847 941 3909 Servius
964 3852 995 3908 in
1018 3850 1110 3910 lerum
1179 3852 1244 3910 880
1267 3849 1411 3912 Dlvvu

228 3940 398 4019 ‘MPRybc
477 3939 628 4017 parcimus
652 3940 717 4013 lcyit
739 3956 836 3998 comm¹
856 3939 989 3998 Lucani:
1011 3941 1076 3999 vide
1098 3957 1139 3999 uu
1160 3939 1313 4016 pascimur
1336 3959 1404 4001 con-

255 4034 389 4104 temptore
411 4030 511 4089 dicum
533 4030 653 4103 aunem
674 4029 713 4087 at
819 4030 881 4088 881
907 4028 967 4087 iam
989 4050 1025 4108 γχ
1135 4030 1198 4089 888
1222 4028 1361 4088 81781Τ
1380 4033 1410 4091 P

256 4117 378 4178 uuelu
394 4111 437 4197 (U
459 4136 533 4178 corr.
556 4119 588 4176 in
610 4110 640 4196 Ι)
662 4117 715 4175 Mc
797 4116 892 4177 aliud:
915 4117 1052 4196 fugitque
1070 4136 1157 4193 prop.
1180 4118 1314 4192 Heyniuo

255 4228 294 4268 uo
314 4255 320 4266 .
340 4252 348 4268 .
368 4208 412 4266 lat
431 4201 458 4286 (l
479 4208 556 4267 m.2
585 4207 617 4264 in
644 4196 719 4285 rus.)
743 4208 781 4283 72
810 4207 931 4267 uolutat
948 4211 985 4285 yl
1102 4209 1165 4268 884
1189 4206 1351 4268 AVBEVS
1375 4211 1406 4271 R

255 4298 366 4357 aurens
385 4300 417 4356 in
439 4314 498 4356 rus·
523 4297 539 4355 b
562 4295 708 4355 aaron
728 4287 829 4375 (nasa
852 4315 877 4373 c,
899 4298 932 4357 m'
953 4291 1027 4376 f.)y
1051 4295 1212 4356 Aunnvs
1235 4298 1344 4357 MPm:
1367 4303 1407 4374 cf.

259 4389 319 4446 271
338 4392 363 4445 et
378 4387 440 4447 887
534 4384 596 4445 885
623 4385 748 4444 stentem
767 4386 784 4445 5
852 4384 933 4445 orbis
948 4389 981 4446 cl
