3000 4958
775 375 900 431 CULEX.

342 539 558 624 languideque
580 538 681 603 effuso
706 539 893 622 requierunt
915 539 1060 603 membre
1084 560 1215 626 sopore,

343 646 465 730 effigies
490 645 529 711 ed
552 668 624 710 eum
647 645 758 710 culicis
777 645 904 710 devenit
927 649 960 710 et
982 645 1031 710 issi

342 754 447 817 tristis
470 753 511 817 eb
535 757 651 833 eventu
673 753 788 817 cecinit
811 752 955 818 convicia
976 753 1123 820 mortis(

345 859 443 942 ‘quis'
467 860 574 943 inquit
598 860 733 924 ‘meritis
757 859 796 923 ed
820 881 901 943 quae
925 858 1049 924 deletus
1073 859 1209 925 acerbas
1395 883 1446 931 210

344 988 443 1053 cogor
466 966 553 1030 edire
576 968 674 1031 vices!
698 970 754 1030 tue
777 966 852 1031 dum
876 965 956 1033 uu‘hi
980 967 1083 1031 carior
1107 967 1180 1050 ipsa

267 1094 279 1120 ·
342 1073 409 1137 vite
431 1073 495 1137 fuit
517 1075 594 1160 vite,
616 1075 724 1159 rapior
747 1096 803 1158 per
826 1074 935 1138 inenie
958 1074 1071 1138 ventis.

342 1184 378 1243 tu
401 1181 508 1246 lentus
532 1183 655 1247 refoves
678 1182 816 1246 iucunde
838 1181 982 1246 membre
1004 1182 1124 1267 quiete,v

343 1292 470 1372 ereptus
494 1289 607 1354 taetris
631 1311 648 1353 e
671 1288 827 1373 eledibus3
851 1293 885 1352 et
907 1311 978 1353 mee
1000 1311 1110 1353 menes

346 1395 466 1459 viscera
489 1395 646 1461 Lethaeas
669 1399 789 1481 cogunt
812 1399 979 1461 transnare
1002 1417 1058 1480 per
1081 1396 1201 1461 undas:
1230 1474 1234 1479 ¹
1393 1419 1443 1466 215

343 1503 459 1585 praede
482 1500 640 1568 Charonis
664 1524 750 1589 eger.
795 1502 886 1567 video
909 1506 947 1567 ut
970 1501 1141 1587 flagrantia
1165 1504 1278 1569 taedis

342 1608 454 1672 limina
477 1610 644 1674 conlucent
668 1610 795 1674 infestis
820 1611 927 1674 omnia
950 1610 1086 1694 templis.
1101 1597 1127 1683 i,

242 1759 249 1773 ·
343 1716 439 1780 obvie
461 1715 645 1802 Tisiphone,
670 1716 872 1800 serpentibus
895 1716 1035 1801 undique
1058 1721 1197 1804 compte,

343 1826 375 1886 et
399 1822 543 1887 flammas
568 1826 607 1886 et‘
624 1845 718 1888 saeve
741 1823 848 1907 quatit
870 1823 951 1888 mihi
973 1823 1113 1888 verbere.
1137 1847 1226 1908 pone

342 1927 512 1994 Cerberus:
536 1953 579 1994 en
598 1930 677 1994 diris
700 1930 840 2015 flagrant
862 1931 1034 1996 latratibus
1051 1954 1124 2017 ore,
1387 1955 1436 2002 seo

342 2037 504 2122 unguibus
526 2038 602 2102 hinc
625 2042 722 2122 etque
744 2037 819 2102 hinc
841 2038 975 2103 horrent
998 2040 1051 2130 eui
1073 2039 1155 2103 colle
1179 2040 1318 2107 reflexis
1331 2027 1370 2104 ἱ,

343 2145 573 2229 sanguineique
596 2146 716 2209 micent
739 2145 884 2210 ardorem
906 2144 1039 2210 luminis
1062 2146 1166 2211 orbes.

342 2249 415 2335 heu,
437 2252 515 2335 quid
538 2252 579 2316 eb
603 2253 714 2318 officio
733 2252 876 2338 digresse
900 2257 949 2318 est
972 2253 1086 2339 gretia,
1108 2276 1182 2317 cum
1206 2259 1243 2318 te

341 2359 470 2423 restitui
495 2361 619 2444 superis
641 2360 699 2424 leti
719 2349 787 2424 'iem
809 2360 920 2424 limine
943 2360 984 2424 eb
1008 2361 1101 2444 ipso?

340 2466 483 2549 praemia
506 2472 583 2531 sunt
605 2468 736 2552 pietatis
761 2466 826 2552 ubi,
849 2468 980 2552 pietatis
1003 2466 1175 2532 honores?
1382 2490 1431 2536 ere

342 2573 376 2636 in
398 2595 497 2637 venas
521 2574 628 2638 abiere
650 2575 743 2639 vices.
768 2578 800 2638 et
823 2597 897 2639 rure
920 2575 1052 2640 recessit

363 2814 426 2871 207
460 2811 593 2887 requiem
625 2811 696 2871 dere
729 2832 768 2871 m.
799 2830 937 2888 soporem
959 2814 989 2870 Γ
1009 2803 1059 2890 (cf.
1080 2803 1160 2892 205)
1277 2817 1347 2875 208
1380 2815 1429 2874 ed·

271 2902 357 2961 uenit
376 2902 408 2960 H
475 2903 541 2961 210
563 2901 631 2977 quis
649 2901 749 2978 inquit
771 2902 904 2976 Heynius
923 2900 1001 2970 Quid
1020 2902 1118 2979 inquit
1136 2903 1165 2983 Γ
1184 2903 1285 2980 iuquit
1305 2905 1375 2981 quis
1388 2904 1427 2977 H,

873 3009 875 3013 ·
1148 2995 1181 3046 111

267 3063 351 3138 prob.
375 3062 507 3122 Nuekius
527 3061 589 3123 Car.
609 3081 642 3137 p.
658 3066 718 3121 111
745 3063 843 3139 inquit
866 3061 938 3138 quid
964 3064 999 3120 Ψ
1062 3060 1226 3122 meritis&
1293 3063 1428 3142 enquid

272 3153 316 3210 ait
338 3151 464 3210 meritus
488 3152 630 3211 Heinsius
741 3148 799 3224 adq
824 3144 864 3231 (ir.
889 3169 911 3210 e.
935 3151 973 3210 ed
996 3143 1088 3232 quae)
1110 3152 1137 3211 V
1157 3151 1196 3210 ad
1219 3172 1314 3229 quem
1335 3156 1365 3212 Γ
1383 3157 1427 3211 et-

272 3261 331 3317 que
350 3243 385 3298 Ψ
404 3243 458 3299 aut
480 3261 540 3318 quo
558 3242 699 3300 Heinsius
806 3241 918 3299 dilatus
933 3240 992 3300 Bo
1012 3241 1145 3300 delectus
1160 3242 1196 3299 H
1257 3243 1378 3301 acerbis
1397 3242 1431 3300 Η

362 3333 424 3390 211
446 3331 518 3389 dum
536 3331 610 3390 mihi
625 3323 657 3389 n¹
681 3331 753 3388 dum
778 3350 825 3389 me
844 3332 878 3387 Ψ
897 3349 944 3389 me
967 3331 1039 3389 dum
1054 3331 1087 3388 Η
1176 3333 1241 3390 212
1265 3337 1377 3392 uectus
1395 3332 1431 3389 H

272 3420 384 3479 Averni
403 3420 546 3480 Heinsius
628 3422 690 3478 215
716 3424 835 3479 tranare
854 3419 891 3477 Η
960 3421 1021 3479 216
1047 3420 1210 3479 ceronisV
1276 3421 1368 3481 video
1390 3425 1427 3480 ut

271 3511 377 3583 scripsi
399 3509 463 3567 uidi
482 3513 513 3568 et
530 3512 560 3568 Γ
579 3509 641 3568 uidi
660 3512 696 3567 ut
718 3510 752 3566 Ψ
771 3509 859 3568 viden
878 3510 913 3567 ut
929 3508 1058 3568 Bembus
1149 3512 1210 3568 217
1232 3528 1286 3569 orn.
1311 3511 1338 3567 V

272 3597 391 3657 Limine
409 3596 438 3656 A
466 3598 594 3658 Lumine
617 3601 651 3656 Ψ
745 3599 928 3677 colueentf
951 3618 1016 3657 eum
1046 3600 1148 3658 lucent
1171 3600 1205 3657 Ψ
1300 3588 1427 3659 infernis

272 3687 419 3747 Domitius
442 3688 616 3747 Oulderinus
687 3688 806 3746 moenie
827 3688 906 3747 Ellis
998 3689 1060 3749 219
1085 3707 1161 3764 pone
1186 3688 1357 3763 Hauptius,
1381 3693 1428 3748 orii

272 3797 347 3853 pone
385 3779 431 3836 est
460 3780 586 3850 praeivit
616 3777 824 3851 Peerlkampus
860 3779 899 3836 ad
931 3778 1005 3837 Hor.
1038 3795 1126 3837 corni.
1155 3776 1202 3837 111
1234 3781 1272 3836 11
1301 3798 1336 3853 p.
1363 3782 1427 3838 224

271 3885 366 3942 poene
389 3866 418 3923 B
442 3886 518 3942 pene
536 3868 572 3925 Η
575 3867 603 3925 V
623 3885 734 3942 poenae
756 3868 791 3924 Ψ
856 3869 919 3926 220
940 3869 1099 3941 suscripsi
1118 3867 1199 3925 etse
1267 3866 1382 3945 flagret
1396 3869 1431 3927 H

272 3956 401 4033 flagrans
425 3955 554 4031 Seoiiqer
643 3956 788 4015 latrantia
812 3955 936 4015 rictibus
959 3956 1112 4030 Haupiius
1210 3959 1273 4016 221
1299 3956 1427 4017 horrent

271 4046 320 4104 cui
335 4046 371 4103 H
391 4049 476 4105 erent
499 4047 547 4105 cui
565 4038 649 4127 (quoi
666 4043 704 4123 V)
729 4046 763 4103 Ψ
827 4047 889 4104 222
916 4045 1079 4122 Sanguinei
1094 4037 1170 4125 (Fi)
1183 4045 1242 4104 CH
1247 4046 1275 4102 V
1296 4045 1426 4124 Sangui-

271 4153 328 4194 nea
347 4132 407 4193 AB
431 4134 669 4212 Sanguineum(
749 4134 854 4194 erdere
877 4135 1071 4194 micantium
1086 4135 1123 4192 H
1187 4133 1290 4208 arboe,
1315 4140 1349 4196 in
1371 4154 1427 4211 mu.

270 4242 309 4282 nr.
332 4243 387 4283 ree.
411 4224 430 4283 l’
456 4225 542 4285 orbes
561 4225 591 4282 B
704 4226 767 4284 223
792 4244 882 4302 quom
908 4223 935 4282 V
1046 4226 1109 4284 224
1133 4224 1260 4283 loeiium
1279 4227 1309 4283 Γ
1381 4227 1440 4285 lu·.

271 4314 363 4390 mine,
392 4331 465 4373 corr.
493 4333 531 4373 nr.
559 4318 617 4373 ani.
648 4313 750 4372 limine
769 4314 798 4371 B
913 4316 975 4374 226
1001 4311 1044 4390 et]
1069 4333 1104 4373 ex
1127 4313 1207 4376 Ellis
1298 4335 1373 4376 rure
1392 4332 1429 4377 εα

271 4402 337 4462 iure
362 4405 397 4462 Ψ
414 4403 479 4462 uite
499 4405 527 4465 V
547 4404 628 4464 victe
646 4403 797 4464 Baehrens
