3000 4958
611 362 774 436 (arura)

186 553 367 617 purpureos
391 527 498 615 florea,
521 550 602 612 quos
625 529 758 612 insuper
782 526 999 609 accumbebat,

186 639 334 703 bracchia
356 639 500 701 formoso
526 658 710 720 supponens
734 633 854 719 Cypria
877 634 983 698 eollo?

187 786 257 845 tum
281 781 374 845 eredo
397 781 502 844 fuerat
525 779 655 843 Mavors
679 778 839 841 distentus
863 778 897 841 in
920 777 1031 860 arruis3

185 878 260 952 nam
283 892 368 952 certe
391 885 555 951 Vulcanus
580 908 661 970 opus
685 885 822 949 faciebat
846 884 945 949 atilli

187 995 275 1059 tristi
298 995 452 1079 turpabat
475 994 576 1057 malas
599 993 736 1078 fuligine
758 991 867 1056 barba.

187 1160 254 1202 non
276 1137 404 1202 Aurora
427 1159 528 1202 novos
553 1137 651 1201 etiam
673 1136 814 1220 ploravit
837 1157 962 1200 amores

94 1328 96 1330 v
189 1250 285 1329 atque
309 1245 428 1309 rubens
453 1245 563 1309 oeulos
587 1265 680 1309 roseo
704 1243 819 1308 celavit
843 1242 985 1307 amictu?

230 1387 322 1452 Talia
345 1372 520 1451 caelicolae.
566 1386 723 1470 numquid
746 1387 853 1450 minus
877 1407 972 1449 aurea
995 1384 1132 1469 promo?
1152 1419 1158 1425 ·

187 1516 264 1579 ergo
290 1495 376 1579 quod
398 1495 476 1559 deus
500 1499 596 1579 atque
619 1494 725 1579 heros,
748 1516 804 1557 eur
827 1515 893 1557 non
915 1494 1021 1557 minor
1045 1491 1154 1555 aetas?
1238 1507 1270 1555 76
1293 1506 1296 1511 “

189 1602 300 1666 infelix
324 1623 394 1687 ego,
416 1624 482 1666 non
505 1601 562 1665 illo
587 1601 643 1684 qui
667 1606 811 1685 tempore
834 1605 940 1686 natus,

192 1731 255 1792 quo
280 1708 384 1773 facilis
406 1712 523 1772 natura
545 1709 616 1772 fuit.
663 1730 733 1772 sors
758 1730 776 1772 ο
800 1730 870 1772 mea
893 1708 984 1773 laeva

191 1816 340 1879 nascendi
363 1816 579 1899 miserumque
602 1836 714 1900 genus,
737 1817 814 1899 quoi
837 1838 907 1879 sera
929 1814 1031 1879 libido
1051 1815 1115 1877 est!

189 1925 315 1985 tantam
339 1923 443 1986 saecla
465 1944 553 1986 meae
576 1923 681 1986 cordis
705 1922 807 1986 fecere
829 1923 985 2007 rapinam,

193 2033 230 2092 ut
253 2050 398 2092 maneam
422 2029 509 2113 quod
531 2028 585 2092 vix
609 2029 711 2093 oeulis
735 2050 927 2114 cognoscere
949 2029 1062 2113 possis
1239 2045 1273 2092 80

213 2234 253 2290 67
279 2232 418 2308 quotiens
442 2250 532 2306 super
555 2232 697 2290 Heinsius
789 2233 829 2291 68
854 2231 995 2289 bracchia
1017 2229 1152 2290 Nautius
1175 2228 1270 2288 Grau-

123 2320 174 2379 dia
192 2342 215 2378 ω
239 2321 367 2379 candida
389 2319 461 2380 Aleti
486 2320 678 2380 Taurinensis
701 2339 728 2379 a.
750 2322 835 2380 1518
861 2319 973 2397 Cypria
992 2321 1145 2379 Pulsebius
1208 2320 1270 2378 for·-

124 2428 208 2468 mosa
227 2411 259 2467 H
275 2412 346 2469 inl
441 2408 552 2486 Cypria
579 2410 712 2469 Nautius
738 2409 851 2484 gaudia
869 2431 892 2467 ω
921 2410 1044 2469 brachia
1066 2409 1140 2467 Alei
1164 2409 1272 2468 Tauri·

123 2501 222 2558 nensis
313 2502 353 2558 69
378 2499 498 2558 Mavors
517 2500 618 2557 fueras
639 2499 804 2558 Gronovius
895 2501 936 2559 70
959 2495 1045 2574 nam]
1063 2498 1128 2558 Hoo
1151 2499 1186 2555 Ψ
1205 2517 1273 2556 oum

123 2587 331 2660 Peerlkampus
398 2588 470 2665 igni,
494 2593 526 2646 ut
548 2608 574 2646 o.
593 2607 648 2662 seq.
669 2590 810 2647 librorum
832 2591 1009 2662 seruaturum
1031 2592 1168 2655 seruaret,
1187 2588 1275 2645 Rotn-

124 2680 198 2734 stein
312 2680 350 2736 71
381 2677 527 2752 turpabat
546 2679 578 2735 H
610 2677 811 2754 turpabatque
834 2677 900 2735 ΒΥ
924 2677 1126 2754 turbabatque
1155 2679 1189 2734 Ψ

123 2766 219 2823 malas
242 2765 372 2839 Seutiper
395 2766 518 2839 maluo
543 2767 653 2825 malum
681 2767 709 2824 Y
728 2767 837 2825 malam
856 2784 941 2841 prop.
965 2767 1098 2825 Nuekius
1179 2766 1273 2824 barba

123 2855 252 2928 Seaiiper
275 2854 399 2913 barbam
420 2877 442 2913 ω
513 2858 552 2915 72
578 2856 686 2916 nothos
710 2858 780 2915 coni.
805 2855 840 2914 G.
861 2857 1052 2915 Herniunnus
1076 2874 1148 2914 suos
1167 2857 1272 2929 Haup-

124 2947 182 3002 tius
273 2945 312 3002 73
338 2941 437 3018 roseo]
461 2944 553 3003 rubeo
578 2948 612 3003 Ψ
675 2945 805 3021 eaelauit
823 2945 852 3002 B
877 2945 990 3004 velavit
1008 2945 1216 3004 Broukhusius

121 3035 166 3090 74
191 3032 287 3107 primo
309 3033 380 3091 TW
401 3034 500 3108 proles
525 3034 669 3093 Venutius
760 3036 800 3094 75
826 3033 865 3110 qd
884 3035 914 3092 B
938 3035 1011 3111 quid
1028 3035 1062 3092 H
1129 3033 1218 3093 decus
1238 3035 1274 3090 H

189 3124 229 3180 77
254 3122 338 3192 lenta
355 3122 395 3181 D.
413 3122 554 3182 Heinsius
637 3125 677 3182 78
701 3124 884 3182 nascendum
905 3124 932 3181 Τ
952 3123 1103 3183 nascentis
1121 3123 1160 3182 N.
1179 3124 1272 3181 Hein-

124 3213 187 3270 sius
254 3211 474 3287 quoiNuetins
496 3230 598 3287 quoto
622 3231 638 3270 0
662 3214 706 3270 uel
728 3232 782 3289 pro
807 3213 844 3271 N.
864 3214 1006 3273 Heinsius
1073 3216 1119 3272 est
1141 3203 1195 3271 oin.
1210 3214 1246 3270 H
1249 3213 1278 3270 Y

216 3302 256 3359 79
283 3300 410 3358 Tantam
430 3306 447 3353 ς
472 3300 603 3359 Tantum
621 3301 656 3359 H
660 3302 687 3359 Y
691 3304 725 3359 Ψ
744 3303 842 3387 Tanta
860 3303 890 3360 B
959 3303 1056 3361 saecla
1081 3321 1162 3360 meae
1187 3294 1273 3383 (sorti

124 3379 200 3468 seii.)
223 3391 328 3463 scripsi
347 3389 412 3447 uita
431 3408 515 3448 meae
540 3391 575 3447 Ψ
593 3390 656 3448 uite
676 3410 758 3449 meae
783 3392 812 3449 Y
831 3392 893 3450 uite
917 3411 981 3451 mee
1000 3392 1037 3450 H
1056 3410 1141 3466 meae
1164 3393 1228 3468 uita
1243 3392 1274 3448 B

126 3481 196 3536 vota
224 3497 306 3537 meae
334 3479 461 3538 Iacobus
493 3480 557 3538 fata
583 3498 668 3539 meae
705 3482 749 3539 uel
780 3501 846 3539 meo
874 3482 1016 3541 Heinsius
1046 3482 1127 3541 vitae
1161 3482 1191 3538 in
1226 3500 1272 3538 me

125 3567 257 3626 Nautius
324 3586 392 3625 eum
416 3568 461 3626 dis
484 3569 614 3641 Seatiper
636 3569 727 3628 sortis
750 3572 794 3628 uel
817 3569 899 3629 cordi
924 3571 1065 3631 Heinsius
1087 3571 1183 3646 partis
1203 3562 1272 3650 (om.

126 3648 258 3738 tantam)
282 3656 436 3716 Puiscbius
504 3659 547 3718 80
570 3677 692 3716 maneas
711 3660 746 3718 H
805 3661 903 3736 possis
922 3662 957 3719 H
1022 3668 1052 3726 Θ
1076 3660 1157 3719 fenix
1175 3661 1208 3717 H
