3038 4964
525 371 674 428 VERGILI
693 371 826 426 AENEIS
839 371 890 427 ΧΗ
1216 372 1280 437 831

201 542 405 622 arrectaeque
427 535 563 601 horrore
585 559 704 623 comae,
726 540 759 601 et
782 559 843 601 vcx
868 536 1016 601 faucibus
1040 536 1151 602 haesit.

203 651 237 709 at
260 644 372 729 procul
396 649 432 709 ut
455 643 553 709 Dirae
577 643 747 708 stridorem
770 644 924 729 adgnovit
947 648 980 708 et
1005 644 1083 729 alas,

201 752 313 816 infelix
337 751 434 817 crinis
458 750 575 816 scindit
597 750 732 815 Iuturna
755 751 890 838 solutos
1230 768 1282 817 870

202 859 366 945 unguibus
390 881 447 924 ora
470 880 562 922 soror
584 857 717 923 foedans
741 862 773 922 et
796 862 926 942 pectora
949 858 1080 944 pugnis:

201 967 290 1052 ‘quid
312 989 398 1032 nunc
420 971 453 1031 tc
476 971 543 1051 tua,
565 965 681 1052 Turne,
703 970 813 1051 potest
836 987 989 1052 germana
1011 967 1142 1030 iuvare?

201 1079 257 1139 aut
281 1075 358 1160 quid
381 1075 446 1139 iam
469 1074 566 1138 durae
590 1078 720 1158 superat
744 1073 846 1138 mihi?
871 1096 934 1158 qua
957 1073 1019 1137 tibi
1041 1073 1144 1137 lucem

201 1187 270 1246 arte
293 1181 421 1246 morer?
445 1180 527 1245 talin
548 1202 683 1265 possum
705 1202 756 1244 me
781 1202 942 1265 opponere
965 1181 1135 1245 monstro?

200 1291 264 1355 iam
287 1291 352 1355 iam
374 1289 487 1373 linquo
512 1287 605 1366 acics.
650 1309 764 1351 neme
787 1292 905 1352 terrete
928 1288 1105 1374 timentem,
1230 1305 1282 1354 878

200 1399 355 1485 obscenae
377 1383 536 1462 volucres}
561 1395 685 1458 alarum
708 1397 840 1459 verbera
862 1417 962 1461 nosco

198 1502 390 1588 letalemque
414 1525 538 1589 sonum,
560 1523 619 1567 nec
641 1501 760 1567 fallunt
783 1502 871 1566 iussa
894 1502 1032 1587 superba

200 1610 397 1697 magnanimi
420 1609 514 1674 levis.
560 1609 639 1674 haec
661 1631 720 1693 pro
744 1609 932 1695 virginitate
955 1609 1105 1694 reponit?

199 1740 263 1802 quo
287 1718 387 1782 vitam
410 1715 497 1780 dedit
521 1717 705 1780 aeternam?
728 1739 785 1780 cur
808 1717 923 1782 mortis
943 1717 1125 1803 ademptast

199 1824 365 1890 condicio?
388 1845 517 1907 possem
541 1827 650 1888 tantos
674 1823 767 1887 finire
789 1823 917 1889 dolores
1228 1843 1280 1891 880

199 1953 285 1995 nunc
308 1935 394 1994 certe
417 1934 451 1994 et
473 1930 590 1994 misero
614 1930 708 1994 fratri
732 1953 837 1995 comes
861 1932 908 1995 ire
930 1954 987 2015 per
1010 1932 1154 1997 umbras!

198 2037 400 2101 *inmortalis
420 2037 502 2121 ego?
526 2041 582 2100 aut
606 2037 777 2121 quicquam
800 2037 880 2101 mihi
904 2037 994 2102 dulce
1017 2061 1162 2104 meorum

199 2149 231 2208 te
255 2144 332 2230 sine,
354 2144 464 2229 frater,
486 2143 570 2207 erit?
598 2166 616 2207 0
641 2166 722 2227 quae
746 2144 825 2208 satis
848 2144 913 2208 ima
936 2144 1079 2209 dehiscat

198 2256 284 2316 terre
307 2249 388 2315 mihi
410 2250 578 2334 manisque
600 2250 692 2315 deam
715 2250 865 2315 demittat
887 2251 926 2315 ud
949 2252 1083 2317 imosl’*

220 2464 387 2499 TESTIMONIA.
425 2449 477 2499 876
488 2462 528 2512 sq.
545 2446 591 2498 ‘ne
608 2488 613 2498 .
631 2489 636 2500 .
652 2489 658 2500 .
673 2445 812 2499 volucres’
829 2445 937 2501 Nonius
952 2451 1012 2514 387,
1029 2452 1044 2499 6
1117 2451 1169 2501 875
1190 2448 1278 2502 ‘ne...

130 2516 289 2572 timentem'
311 2517 423 2572 Servius
442 2518 510 2572 Aen.
531 2516 582 2570 llll
597 2524 647 2572 761
708 2522 761 2571 876
782 2516 917 2571 ‘dirarum
932 2518 1049 2571 verbera
1067 2519 1105 2573 u.’
1127 2520 1199 2573 Acro
1213 2518 1279 2574 Hor.

130 2589 281 2658 carm.12‚
298 2595 310 2640 1
395 2593 447 2643 878
468 2589 548 2642 ‘haec
563 2630 569 2643 .
586 2632 591 2643 .
608 2588 751 2658 ,reponit'
773 2588 886 2643 Servius
904 2589 972 2643 Aen.
988 2589 1013 2643 X
1028 2595 1079 2643 623
1151 2595 1204 2643 888
1226 2590 1278 2642 ‘in-

129 2660 257 2714 mortalis
272 2662 336 2729 egc‘
357 2658 517 2715 Macrobius
533 2659 591 2714 Sat.
606 2660 644 2714 IV
660 2665 684 2729 4,
700 2666 734 2714 86
795 2666 846 2715 882
858 2679 897 2730 sq.
915 2662 977 2714 ‘aut
988 2704 993 2715 .
1006 2705 1011 2715 .
1023 2705 1028 2716 .
1040 2659 1105 2715 crit’
1119 2660 1278 2716 Priscianus

129 2737 181 2785 993
194 2731 224 2786 Ρ.
297 2736 350 2784 883
371 2733 411 2785 ‘te
430 2733 463 2786 e.’
485 2731 583 2785 anecd.
601 2731 682 2786 Helv.
703 2750 730 2800 p.
746 2737 797 2786 266

218 2917 453 2960 vanianncnlo.
501 2900 766 2962 868=1V280
836 2904 898 2963 869
924 2900 1024 2962 Aen
1093 2901 1278 2962 87080118-

129 2989 331 3048 DITORINIS
350 2991 395 3049 Rc
446 2992 589 3113 iffi?
604 2990 648 3048 IV
669 2991 746 3051 673;
764 2992 811 3050 tic
828 2994 912 3052 uncis
929 2993 1046 3052 inclusit
1066 2991 1277 3067 Guclhlinqius,

127 3135 194 3207 sori.
213 3137 287 3191 recle
355 3134 418 3192 873
443 3132 572 3212 duraey
595 3133 677 3193 dirae
702 3133 785 3193 coti.
808 3139 870 3193 tert.
893 3153 982 3193 curae
1007 3137 1078 3194 coni.
1099 3135 1182 3194 liiiio
1205 3136 1276 3195 cccl.

125 3222 225 3296 ccssl
240 3223 303 3281 286
324 3221 416 3280 durae
430 3221 549 3281 Servius
567 3225 721 3295 confirmat
779 3225 932 3300 superet
1001 3226 1065 3283 874
1080 3221 1223 3283 Ρο88ΙΜ
1239 3226 1277 3293 R,

127 3313 207 3370 licead
220 3313 295 3370 mule
360 3313 422 3371 875
438 3314 618 3371 trementem
638 3311 766 3372 Oudurt:
784 3316 820 3387 cf.
836 3317 898 3374 761
970 3315 1034 3372 876
1050 3313 1183 3372 dirarum
1198 3313 1278 3373 Acro

128 3405 248 3460 testatur
316 3402 379 3461 879
400 3400 617 3523 887Ῥ17γσΗ
646 3403 711 3462 880
733 3406 769 3462 ut
792 3421 910 3479 possem
928 3390 993 3480 mx‘
1033 3400 1177 3461 POSSIM
1195 3404 1236 3461 M

568 3496 582 3524 a
616 3495 725 3533 up.....

129 3545 190 3603 881
208 3543 250 3602 ΕΙ
259 3536 288 3622 (Ι
303 3561 376 3603 cort.
390 3546 422 3603 in
437 3536 477 3625 Τ)
486 3545 528 3602 Μ
568 3564 622 3620 per
636 3545 759 3605 umbras
766 3538 864 3624 (craso
878 3546 970 3604 fibras
980 3549 1012 3604 ut
1025 3539 1098 3623 vid.)
1110 3568 1128 3624 y
1141 3545 1197 3605 sub
1213 3566 1276 3604 um·

128 3633 198 3692 bras
211 3655 237 3711 χ,
256 3634 361 3693 Medic.
378 3633 483 3693 Pierii:
496 3635 532 3707 cf.
543 3633 587 3692 IV
600 3637 665 3694 660
733 3637 796 3694 882
812 3638 866 3694 aut
880 3629 908 3711 (t
922 3652 994 3694 corr.
1009 3637 1040 3693 in
1056 3625 1090 3711 d)
1104 3657 1122 3714 y
1140 3636 1221 3694 haud
1236 3653 1276 3713 εχ,

130 3721 274 3796 08708988
292 3723 392 3790 Pierii,
406 3723 554 3783 Pri-sciant
567 3724 684 3791 Remu,
698 3724 794 3785 Parit.
809 3726 838 3790 R
852 3743 889 3783 m.
907 3726 925 3782 2
995 3726 1058 3784 883
1074 3723 1235 3784 FRATRE
1251 3725 1280 3782 P

193 3830 211 3870 o
235 3830 384 3885 suprascr.
403 3814 419 3871 b
489 3811 598 3882 QUAE
617 3814 742 3893 Mityn
765 3811 819 3890 ilc
842 3812 956 3883 QVAM
974 3814 1036 3892 Pyl
1063 3833 1124 3890 qua
1147 3815 1230 3873 Leid.

128 3936 203 3996 IMA
218 3937 284 3995 MR
302 3894 442 3995 IAMAP
462 3937 536 3995 lima
555 3930 585 4017 (s
600 3928 701 4017 masc)
719 3961 737 4017 y
756 3938 819 3997 alta
837 3957 890 4006 cin,
915 3932 1162 4013 ‘praestantiores'
1182 3939 1274 3998 Heia

127 4028 173 4093 sii,
197 4027 346 4086 Mediccus
368 4031 393 4085 ct
415 4025 537 4087 Porcius
560 4027 660 4095 Pierii,
679 4027 762 4101 prob.
786 4029 950 4088 Bentleius:
978 4030 1014 4102 cf.
1033 4027 1077 4086 IV
1098 4029 1139 4086 24
1164 4028 1190 4085 X
1211 4031 1274 4088 675

193 4108 392 4291 ΒΕΗΙΒΟὲΤ
412 4170 441 4228 P
506 4172 571 4230 884
594 4169 720 4229 MANIS
730 4162 770 4292 dl
793 4189 866 4293 iim
889 4173 922 4231 in
944 4164 985 4251 Ε)
1005 4170 1045 4229 M
1064 4170 1201 4230 MAan
1216 4171 1277 4230 Pte

193 4312 389 4372 numnam
408 4313 438 4371 P
457 4313 591 4373 amittat
610 4317 643 4373 01
707 4312 833 4372 liuns
847 4315 886 4372 n
914 4293 921 4307 ‘
949 4314 1276 4374 vinciacensis

128 4405 302 4464 882-884
313 4406 346 4463 in
355 4405 443 4464 trium
453 4406 638 4479 superiorum
648 4405 822 4464 879-881
837 4406 927 4464 vicem
936 4406 1084 4478 compositi
1094 4421 1154 4464 csse
1163 4409 1275 4479 aposta
