3060 4966
624 365 773 422 VERGILI
790 366 923 422 annuis
941 366 1006 422 VIII

305 533 425 599 inferre
448 537 480 597 et
504 533 581 598 fatis
604 554 713 618 regem
737 554 771 596 se
793 530 896 597 dicere
919 531 1009 616 posci

306 641 436 705 edoceat
461 639 658 744 [multaqque
681 639 758 740 virq
776 661 810 703 se
833 638 1005 724 adiungere
1028 640 1135 725 gentis

305 747 469 813 Dardanio
493 751 525 811 et
548 747 614 812 late
636 746 732 811 Latio
755 746 987 812 increbrescere
1008 746 1150 831 nomen}

307 855 385 939 quid
408 858 514 920 struat
536 853 588 919 his
612 854 745 939 coeptis,
769 875 873 939 quem,
895 854 923 918 si
946 855 1078 919 fortuna
1101 857 1264 939 sequatur,
1355 872 1388 921 15

308 966 458 1028 eventum
481 982 609 1048 pugnae
631 961 750 1047 cupiat,
771 961 975 1026 manifestius
999 962 1061 1045 ipsi

309 1093 407 1156 quam
430 1070 540 1135 Turno
564 1070 633 1155 regi
657 1072 713 1133 aut
735 1069 805 1154 regi
829 1090 982 1153 apparere
1004 1068 1131 1133 Latino
1157 1130 1161 1137 .

351 1214 442 1279 Talia
465 1236 522 1297 per
545 1212 684 1277 Latium.
727 1234 809 1296 quae
832 1211 1083 1278 Laomedontius
1104 1213 1201 1278 heros

307 1325 423 1387 cuncta
445 1321 556 1385 videns
579 1340 697 1404 magno
721 1341 870 1384 curarum
893 1318 1029 1384 fluctuat
1052 1325 1153 1407 aestu,

307 1435 404 1514 atque
428 1428 570 1493 animum
593 1448 679 1492 nunc
700 1427 764 1491 hic
787 1426 930 1511 celerem,
952 1448 1037 1491 nunc
1056 1427 1170 1492 dividit
1189 1427 1275 1515 illuc,
1354 1445 1390 1494 2ο

307 1537 342 1599 in
364 1536 531 1621 partisque
554 1534 641 1619 rapit
664 1534 769 1598 varias
792 1556 913 1618 perque
936 1534 1044 1600 omnia
1064 1538 1185 1599 versat:

307 1643 392 1708 sicut
415 1663 517 1727 aquae
539 1641 713 1707 tremulum
735 1640 837 1706 labris
859 1640 917 1706 ubi
940 1641 1048 1706 lumen
1072 1642 1160 1707 aenis

306 1749 374 1815 sole
397 1771 621 1834 repercussum
644 1752 701 1814 aut
723 1747 879 1815 radiantis
902 1748 1044 1836 imagine
1065 1748 1161 1814 lunae

307 1858 415 1922 omnia
436 1856 612 1942 pervolitat
634 1856 699 1922 late
721 1856 793 1922 loca
815 1855 943 1941 iamque
967 1856 1027 1921 sub
1051 1879 1146 1922 auras
1183 1846 1187 1853 ¹

306 1964 443 2049 erigitur
466 1965 647 2049 summique
669 1964 745 2029 ferit
768 1964 909 2029 lacuaria
930 1966 1016 2029 tecti.
1355 1983 1390 2033 21

305 2092 371 2136 nox
395 2076 473 2160 erat,
496 2077 529 2137 et
551 2077 656 2137 terras
680 2071 832 2137 animalia
854 2073 940 2137 fessa
962 2094 1019 2156 per
1043 2073 1147 2137 omnis

307 2178 445 2244 alituum
468 2179 688 2263 pecudumque
712 2200 813 2264 genus
837 2200 934 2263 sopor
957 2179 1043 2243 altus
1065 2178 1240 2269 habebatr.

307 2308 380 2352 cum
402 2290 496 2372 pater
518 2285 553 2350 in
575 2286 646 2369 ripa
669 2284 831 2371 gelidique
856 2285 916 2349 sub
940 2284 1079 2350 aetheris
1104 2307 1162 2351 axe

306 2392 442 2480 Aeneas,
464 2393 553 2458 tristi
576 2392 727 2457 turbatus
751 2396 882 2476 pectora
905 2391 1001 2478 bello,

329 2604 496 2643 memorem.
535 2591 568 2640 18
589 2586 673 2641 ‘talia
690 2605 716 2656 p.
736 2585 778 2640 L.'
799 2587 849 2641 ult.
869 2586 931 2654 syll.
946 2587 984 2640 IV
1003 2587 1098 2643 284X.
1155 2587 1390 2644 ‘Laomedontius

239 2659 279 2714 h.'
301 2658 449 2713 Diomedes
468 2659 482 2712 I
499 2664 552 2712 823
562 2657 595 2713 Κ.
615 2657 728 2713 Servius
747 2657 815 2714 Aen.
835 2659 873 2711 ΙΙΙ
893 2664 944 2712 248
1026 2663 1131 2714 20-25
1151 2662 1216 2727 (om.
1235 2665 1280 2728 23)
1300 2659 1389 2716 schol.

239 2731 305 2785 Hor.
321 2747 405 2786 carm.
420 2730 446 2784 lI
466 2736 556 2796 16,11
643 2736 676 2784 22
696 2729 804 2784 Nonius
823 2735 886 2799 449,
905 2735 939 2785 20
1011 2736 1045 2785 25
1064 2731 1100 2787 cf.
1119 2730 1207 2786 schol.
1225 2729 1329 2787 Veron.
1345 2737 1390 2800 29,

240 2802 317 2858 2211.
391 2808 474 2869 resq.
494 2802 600 2857 Seneca
618 2804 742 2858 controv.
753 2801 806 2855 Vll
824 2807 858 2855 21
930 2806 965 2856 26
987 2803 1054 2857 ‘nox
1068 2803 1103 2857 e.'
1114 2800 1267 2867 ⁴Charisius
1281 2803 1295 2856 I
1311 2810 1344 2858 12
1354 2803 1389 2858 Κ.

240 2873 347 2928 Marius
362 2873 524 2928 Victorinus
534 2874 572 2928 Vl
583 2878 617 2927 22
628 2874 661 2927 Κ.
680 2872 795 2927 Mallius
810 2871 1023 2928 TheodorusVI
1033 2879 1084 2930 887
1095 2873 1127 2930 Κ.
1182 2873 1389 2930 27Priscianus

241 2944 333 3001 rraP.
358 2945 444 3000 schol.
464 2945 531 3000 Hor.
556 2946 666 3001 carml
686 2951 715 3014 1,
734 2950 768 2998 33
793 2944 925 2998 ‘alituum
944 2962 971 3014 p.
995 2947 1034 3015 g.’
1060 2945 1172 3000 Servius
1192 2946 1260 3001 Aen.
1277 2947 1315 3000 VI
1334 2952 1389 3001 683

241 3017 386 3070 ‘alituum’
408 3016 559 3071 Diomedes
576 3017 588 3070 I
603 3016 697 3072 45211.
771 3020 805 3070 28
826 3014 866 3069 ‘in
884 3015 947 3085 ripa
962 3059 968 3071 .
984 3060 990 3073 .
1006 3060 1013 3074 .
1028 3019 1091 3075 are'
1112 3016 1200 3074 schol.
1214 3017 1281 3075 Hor.
1301 3035 1387 3075 earm.

240 3086 321 3157 1112,
342 3093 357 3141 5
414 3088 479 3142 ‘sub
499 3104 524 3144 a.
544 3090 581 3144 e.'
603 3087 689 3143 schol.
710 3088 809 3143 Veron.
825 3092 868 3157 92,
887 3093 922 3143 24
931 3087 964 3144 Κ.

328 3292 424 3335 vaura
446 3291 568 3334 necno.
621 3277 711 3350 13sq.
735 3275 891 3334 multas..
908 3293 1037 3335 .noman
1056 3276 1154 3336 altena
1172 3295 1264 3337 manu
1286 3279 1390 3338 addua

240 3383 302 3424 esse
323 3368 426 3425 statuit
446 3365 668 3438 Peerlkampus,
692 3364 861 3424 dormitanti
890 3365 1015 3439 Verqilio
1038 3367 1194 3440 adscripad
1221 3366 1390 3442 Wayneras

240 3459 347 3527 quaest.
378 3455 460 3527 Verq.
479 3453 589 3513 XXXX
609 3458 638 3513 2.
662 3455 775 3513 multas
790 3501 795 3513 .
812 3501 818 3514 .
835 3502 841 3514 .
856 3453 1009 3514 Dardanio
1031 3445 1237 3530 Interpretatur
1254 3455 1389 3518 Servius:

243 3545 279 3616 cf.
299 3541 359 3600 VH
384 3544 446 3602 238
569 3546 608 3605 13
634 3543 780 3604 GENTIS
804 3539 833 3623 (Ι
857 3562 930 3603 corr.
950 3546 981 3603 r'n
1005 3535 1044 3623 c)
1068 3544 1097 3602 P
1116 3547 1221 3623 gentes
1240 3547 1298 3625 ylo

243 3633 371 3692 15-39
402 3632 505 3692 Veron.
528 3635 577 3707 sol.
600 3635 662 3694 238
750 3635 840 3706 15sq.
864 3632 945 3711 quid,
969 3632 994 3691 si
1018 3633 1050 3692 F.
1080 3636 1224 3711 sequatur
1246 3638 1390 3695 eventum

240 3739 369 3799 pugnae,
392 3721 495 3797 cupiat
516 3723 731 3796 Peerlkampus.
777 3722 871 3781 Paulo
889 3723 1072 3795 probabilitas
1095 3741 1171 3800 quae
1194 3725 1318 3784 sortem
1335 3744 1390 3799 po-

241 3815 323 3877 terat,
346 3811 397 3871 sed
419 3830 508 3888 quem
531 3816 651 3871 testatur
673 3810 792 3870 Servius
883 3815 922 3872 19
949 3814 984 3885 cs.
1004 3812 1048 3870 IV
1072 3814 1136 3871 532
1237 3816 1279 3874 20
1288 3832 1328 3888 sq.
1344 3839 1388 3863 =

240 3898 285 3958 IV
305 3901 367 3959 285
378 3919 420 3974 sq.
489 3905 531 3960 20
555 3901 681 3960 celerem
703 3919 783 3959 nunc
805 3900 865 3960 huc
887 3902 972 3961 schol.
995 3902 1070 3961 Hor.
1139 3903 1178 3961 21
1200 3901 1340 3963 Pluris
1362 3905 1391 3964 V

240 3990 380 4064 partelb
471 3992 511 4050 22
532 3989 680 4050 lunula
701 3990 730 4049 V
818 3992 858 4050 23
878 4009 1054 4067 repercusso
1077 3992 1278 4064 Hoffmooous
1294 3995 1388 4068 spicil.

241 4082 302 4138 crit.
338 4078 458 4139 Vindob.
484 4081 523 4140 15
553 4071 610 4159 (of.
633 4080 711 4154 prol.
737 4071 819 4160 110)
852 4097 1059 4156 repercussum
1089 4082 1153 4155 lepil
1180 4081 1299 4142 Seruius

243 4170 283 4228 25
299 4167 509 4238 LAQVARIA
522 4167 708 4227 Vlacuar—
721 4170 805 4229 sclrol.
822 4170 924 4229 Veron.
944 4168 1182 4242 LAQVEARIA
1191 4171 1288 4250 Propo,
1303 4172 1389 4233 schol.

242 4257 315 4316 Hor.
331 4256 576 4326 LAQUEARXA
589 4252 634 4315 M
643 4259 710 4335 laq:
722 4258 786 4318 aria
800 4261 816 4318 b
836 4253 1016 4337 ‘laquearim
1034 4262 1118 4319 mulli
1131 4260 1266 4320 lacuaria
1279 4256 1388 4336 Icpunt'

241 4399 375 4459 sareias:
395 4402 429 4472 cf.
446 4399 460 4456 I
477 4401 539 4460 726
562 4399 658 4474 Caper
675 4402 798 4476 orthopr.
817 4401 874 4460 VII
892 4404 951 4463 105
964 4404 999 4461 K.
1093 4405 1132 4461 29
1152 4342 1336 4462 ΡΕΟΤΟΒἙΔΞ
1351 4406 1390 4464 Μ
