<?xml version="1.0" encoding="UTF-8"?>
<!DOCTYPE html PUBLIC "-//W3C//DTD XHTML 1.0 Transitional//EN"
    "http://www.w3.org/TR/xhtml1/DTD/xhtml1-transitional.dtd">
<html xmlns="http://www.w3.org/1999/xhtml" xml:lang="en" lang="en">
 <head>
  <title>
</title>
<meta http-equiv="Content-Type" content="text/html;charset=utf-8" />
  <meta name='ocr-system' content='tesseract 3.04.00' />
  <meta name='ocr-capabilities' content='ocr_page ocr_carea ocr_par ocr_line ocrx_word'/>
</head>
<body>
  <div class='ocr_page' id='page_1' title='image "./pvergilimaronis00ribbgoog/pvergilimaronis00ribbgoog_0664.png"; bbox 0 0 3060 4966; ppageno 0'>
   <div class='ocr_carea' id='block_1_1' title="bbox 536 364 1292 432">
    <p class='ocr_par' dir='ltr' id='par_1_1' title="bbox 536 364 1292 432">
     <span class='ocr_line' id='line_1_1' title="bbox 536 364 1292 432; baseline 0.017 -13"><span class='ocrx_word' id='word_1_1' title='bbox 536 364 685 421; x_wconf 82' lang='lat' dir='ltr'><strong>VERGILI</strong></span> <span class='ocrx_word' id='word_1_2' title='bbox 702 365 835 421; x_wconf 80' lang='lat' dir='ltr'>AENEIS</span> <span class='ocrx_word' id='word_1_3' title='bbox 853 367 891 421; x_wconf 87' lang='lat' dir='ltr'><strong>IX</strong></span> <span class='ocrx_word' id='word_1_4' title='bbox 1227 367 1292 432; x_wconf 83' lang='lat'><strong>645</strong></span> 
     </span>
    </p>
   </div>
   <div class='ocr_carea' id='block_1_2' title="bbox 210 527 1291 2441">
    <p class='ocr_par' dir='ltr' id='par_1_2' title="bbox 213 527 1064 616">
     <span class='ocr_line' id='line_1_2' title="bbox 213 527 1064 616; baseline 0.005 -24"><span class='ocrx_word' id='word_1_5' title='bbox 213 527 426 613; x_wconf 80' lang='lat' dir='ltr'><strong>Assaracique</strong></span> <span class='ocrx_word' id='word_1_6' title='bbox 448 530 548 594; x_wconf 78' lang='lat' dir='ltr'><strong>larem</strong></span> <span class='ocrx_word' id='word_1_7' title='bbox 572 534 605 594; x_wconf 91' lang='lat' dir='ltr'><strong>et</strong></span> <span class='ocrx_word' id='word_1_8' title='bbox 627 552 723 595; x_wconf 81' lang='lat' dir='ltr'><strong>cenae</strong></span> <span class='ocrx_word' id='word_1_9' title='bbox 745 532 923 616; x_wconf 89' lang='lat' dir='ltr'><strong>penetralia</strong></span> <span class='ocrx_word' id='word_1_10' title='bbox 946 530 1064 597; x_wconf 78' lang='lat' dir='ltr'><strong>Vestae</strong></span> 
     </span>
    </p>

    <p class='ocr_par' dir='ltr' id='par_1_3' title="bbox 213 636 1291 832">
     <span class='ocr_line' id='line_1_3' title="bbox 213 636 1291 725; baseline 0.005 -25"><span class='ocrx_word' id='word_1_11' title='bbox 213 636 373 723; x_wconf 90' lang='lat' dir='ltr'><strong>obtestor,</strong></span> <span class='ocrx_word' id='word_1_12' title='bbox 397 659 614 723; x_wconf 89' lang='lat' dir='ltr'><strong>quaecumque</strong></span> <span class='ocrx_word' id='word_1_13' title='bbox 636 638 716 703; x_wconf 91' lang='lat' dir='ltr'><strong>mihi</strong></span> <span class='ocrx_word' id='word_1_14' title='bbox 740 640 871 703; x_wconf 86' lang='lat' dir='ltr'><strong>fortuna</strong></span> <span class='ocrx_word' id='word_1_15' title='bbox 893 639 1036 724; x_wconf 87' lang='lat' dir='ltr'><strong>fidesque</strong></span> <span class='ocrx_word' id='word_1_16' title='bbox 1059 644 1118 725; x_wconf 89' lang='lat' dir='ltr'><strong>est,</strong></span> <span class='ocrx_word' id='word_1_17' title='bbox 1239 656 1291 705; x_wconf 85' lang='grc'><strong>260</strong></span> 
     </span>
     <span class='ocr_line' id='line_1_4' title="bbox 213 745 1033 832; baseline 0.004 -24"><span class='ocrx_word' id='word_1_18' title='bbox 213 745 247 807; x_wconf 88' lang='lat' dir='ltr'><strong>in</strong></span> <span class='ocrx_word' id='word_1_19' title='bbox 270 745 387 809; x_wconf 85' lang='lat' dir='ltr'><strong>vestris</strong></span> <span class='ocrx_word' id='word_1_20' title='bbox 410 767 495 829; x_wconf 89' lang='lat' dir='ltr'><strong>pono</strong></span> <span class='ocrx_word' id='word_1_21' title='bbox 521 746 665 830; x_wconf 82' lang='lat' dir='ltr'><strong>gremiis:</strong></span> <span class='ocrx_word' id='word_1_22' title='bbox 688 750 835 811; x_wconf 85' lang='lat' dir='ltr'><strong>revocate</strong></span> <span class='ocrx_word' id='word_1_23' title='bbox 857 751 1033 832; x_wconf 87' lang='lat' dir='ltr'><strong>parentem,</strong></span> 
     </span>
    </p>

    <p class='ocr_par' dir='ltr' id='par_1_4' title="bbox 213 851 1040 938">
     <span class='ocr_line' id='line_1_5' title="bbox 213 851 1040 938; baseline 0.004 -23"><span class='ocrx_word' id='word_1_24' title='bbox 213 851 335 915; x_wconf 90' lang='lat' dir='ltr'><strong>reddite</strong></span> <span class='ocrx_word' id='word_1_25' title='bbox 357 855 577 936; x_wconf 71' lang='lat' dir='ltr'><strong>conspectum,</strong></span> <span class='ocrx_word' id='word_1_26' title='bbox 600 851 683 916; x_wconf 82' lang='lat' dir='ltr'><strong>nihil</strong></span> <span class='ocrx_word' id='word_1_27' title='bbox 705 852 763 917; x_wconf 89' lang='lat' dir='ltr'><strong>illo</strong></span> <span class='ocrx_word' id='word_1_28' title='bbox 787 853 882 917; x_wconf 88' lang='lat' dir='ltr'><strong>triste</strong></span> <span class='ocrx_word' id='word_1_29' title='bbox 904 858 1040 938; x_wconf 90' lang='lat' dir='ltr'><strong>recepto.</strong></span> 
     </span>
    </p>

    <p class='ocr_par' dir='ltr' id='par_1_5' title="bbox 213 958 1099 1046">
     <span class='ocr_line' id='line_1_6' title="bbox 213 958 1099 1046; baseline 0.002 -23"><span class='ocrx_word' id='word_1_30' title='bbox 213 959 289 1023; x_wconf 92' lang='lat' dir='ltr'><strong>bina</strong></span> <span class='ocrx_word' id='word_1_31' title='bbox 311 958 395 1023; x_wconf 84' lang='lat' dir='ltr'><strong>dabo</strong></span> <span class='ocrx_word' id='word_1_32' title='bbox 418 962 552 1043; x_wconf 80' lang='lat' dir='ltr'><strong>argento</strong></span> <span class='ocrx_word' id='word_1_33' title='bbox 575 959 717 1042; x_wconf 85' lang='lat' dir='ltr'><strong>perfecte</strong></span> <span class='ocrx_word' id='word_1_34' title='bbox 739 963 836 1044; x_wconf 90' lang='lat' dir='ltr'><strong>atque</strong></span> <span class='ocrx_word' id='word_1_35' title='bbox 860 983 973 1045; x_wconf 88' lang='lat' dir='ltr'><strong>aspera</strong></span> <span class='ocrx_word' id='word_1_36' title='bbox 996 962 1099 1046; x_wconf 82' lang='lat' dir='ltr'><strong>signis</strong></span> 
     </span>
    </p>

    <p class='ocr_par' dir='ltr' id='par_1_6' title="bbox 212 1066 999 1153">
     <span class='ocr_line' id='line_1_7' title="bbox 212 1066 999 1153; baseline 0.003 -22"><span class='ocrx_word' id='word_1_37' title='bbox 212 1067 337 1151; x_wconf 86' lang='lat' dir='ltr'><strong>pocula,</strong></span> <span class='ocrx_word' id='word_1_38' title='bbox 359 1066 483 1130; x_wconf 90' lang='lat' dir='ltr'><strong>devicta</strong></span> <span class='ocrx_word' id='word_1_39' title='bbox 506 1067 634 1151; x_wconf 82' lang='lat' dir='ltr'><strong>genitor</strong></span> <span class='ocrx_word' id='word_1_40' title='bbox 658 1089 739 1151; x_wconf 90' lang='lat' dir='ltr'><strong>quae</strong></span> <span class='ocrx_word' id='word_1_41' title='bbox 762 1068 846 1152; x_wconf 94' lang='lat' dir='ltr'><strong>cepit</strong></span> <span class='ocrx_word' id='word_1_42' title='bbox 870 1067 999 1153; x_wconf 84' lang='lat' dir='ltr'><strong>Arisba,</strong></span> 
     </span>
    </p>

    <p class='ocr_par' dir='ltr' id='par_1_7' title="bbox 212 1172 1291 1366">
     <span class='ocr_line' id='line_1_8' title="bbox 212 1172 1291 1261; baseline 0.002 -23"><span class='ocrx_word' id='word_1_43' title='bbox 212 1179 244 1238; x_wconf 91' lang='lat' dir='ltr'><strong>et</strong></span> <span class='ocrx_word' id='word_1_44' title='bbox 267 1172 412 1258; x_wconf 80' lang='lat' dir='ltr'><strong>tripodas</strong></span> <span class='ocrx_word' id='word_1_45' title='bbox 436 1173 591 1259; x_wconf 79' lang='lat' dir='ltr'><strong>geminos,</strong></span> <span class='ocrx_word' id='word_1_46' title='bbox 614 1175 684 1238; x_wconf 86' lang='lat' dir='ltr'><strong>auri</strong></span> <span class='ocrx_word' id='word_1_47' title='bbox 708 1174 771 1239; x_wconf 91' lang='lat' dir='ltr'><strong>duc</strong></span> <span class='ocrx_word' id='word_1_48' title='bbox 795 1186 912 1261; x_wconf 78' lang='lat' dir='ltr'><strong>magna</strong></span> <span class='ocrx_word' id='word_1_49' title='bbox 935 1175 1067 1261; x_wconf 82' lang='lat' dir='ltr'><strong>talenta,</strong></span> <span class='ocrx_word' id='word_1_50' title='bbox 1239 1192 1291 1241; x_wconf 80' lang='grc'><strong>266</strong></span> 
     </span>
     <span class='ocr_line' id='line_1_9' title="bbox 212 1279 980 1366; baseline 0.001 -21"><span class='ocrx_word' id='word_1_51' title='bbox 212 1286 336 1346; x_wconf 87' lang='lat' dir='ltr'><strong>cratera</strong></span> <span class='ocrx_word' id='word_1_52' title='bbox 359 1280 510 1366; x_wconf 88' lang='lat' dir='ltr'><strong>anticum,</strong></span> <span class='ocrx_word' id='word_1_53' title='bbox 534 1303 629 1365; x_wconf 91' lang='lat' dir='ltr'><strong>quem</strong></span> <span class='ocrx_word' id='word_1_54' title='bbox 652 1282 707 1345; x_wconf 90' lang='lat' dir='ltr'><strong>dat</strong></span> <span class='ocrx_word' id='word_1_55' title='bbox 731 1279 864 1346; x_wconf 81' lang='lat' dir='ltr'><strong>Sidonia</strong></span> <span class='ocrx_word' id='word_1_56' title='bbox 888 1281 980 1347; x_wconf 91' lang='lat' dir='ltr'><strong>Dido.</strong></span> 
     </span>
    </p>

    <p class='ocr_par' dir='ltr' id='par_1_8' title="bbox 213 1387 972 1472">
     <span class='ocr_line' id='line_1_10' title="bbox 213 1387 972 1472; baseline -0.003 -19"><span class='ocrx_word' id='word_1_57' title='bbox 213 1391 339 1454; x_wconf 82' lang='lat' dir='ltr'><strong>sivero</strong></span> <span class='ocrx_word' id='word_1_58' title='bbox 362 1410 473 1472; x_wconf 85' lang='lat' dir='ltr'><strong>capere</strong></span> <span class='ocrx_word' id='word_1_59' title='bbox 496 1387 626 1452; x_wconf 87' lang='lat' dir='ltr'><strong>Italiam</strong></span> <span class='ocrx_word' id='word_1_60' title='bbox 649 1389 848 1472; x_wconf 75' lang='lat' dir='ltr'><strong>sceptrisque</strong></span> <span class='ocrx_word' id='word_1_61' title='bbox 871 1388 972 1472; x_wconf 88' lang='lat' dir='ltr'><strong>potiri</strong></span> 
     </span>
    </p>

    <p class='ocr_par' dir='ltr' id='par_1_9' title="bbox 212 1495 1016 1581">
     <span class='ocr_line' id='line_1_11' title="bbox 212 1495 1016 1581; baseline -0.002 -20"><span class='ocrx_word' id='word_1_62' title='bbox 212 1495 384 1581; x_wconf 79' lang='lat' dir='ltr'><strong>contigerit</strong></span> <span class='ocrx_word' id='word_1_63' title='bbox 406 1495 522 1560; x_wconf 83' lang='lat' dir='ltr'><strong>victori</strong></span> <span class='ocrx_word' id='word_1_64' title='bbox 546 1499 578 1560; x_wconf 88' lang='lat' dir='ltr'><strong>et</strong></span> <span class='ocrx_word' id='word_1_65' title='bbox 599 1495 735 1580; x_wconf 87' lang='lat' dir='ltr'><strong>praedae</strong></span> <span class='ocrx_word' id='word_1_66' title='bbox 759 1495 862 1560; x_wconf 87' lang='lat' dir='ltr'><strong>dicere</strong></span> <span class='ocrx_word' id='word_1_67' title='bbox 885 1499 1016 1579; x_wconf 87' lang='lat' dir='ltr'><strong>sortem,</strong></span> 
     </span>
    </p>

    <p class='ocr_par' dir='ltr' id='par_1_10' title="bbox 211 1602 1091 1689">
     <span class='ocr_line' id='line_1_12' title="bbox 211 1602 1091 1689; baseline 0 -22"><span class='ocrx_word' id='word_1_68' title='bbox 211 1604 322 1668; x_wconf 84' lang='lat' dir='ltr'><strong>vidisti</strong></span> <span class='ocrx_word' id='word_1_69' title='bbox 345 1625 408 1687; x_wconf 93' lang='lat' dir='ltr'><strong>quo</strong></span> <span class='ocrx_word' id='word_1_70' title='bbox 432 1603 560 1667; x_wconf 85' lang='lat' dir='ltr'><strong>Turnus</strong></span> <span class='ocrx_word' id='word_1_71' title='bbox 585 1625 677 1689; x_wconf 90' lang='lat' dir='ltr'><strong>equo,</strong></span> <span class='ocrx_word' id='word_1_72' title='bbox 700 1602 819 1687; x_wconf 91' lang='lat' dir='ltr'><strong>quibus</strong></span> <span class='ocrx_word' id='word_1_73' title='bbox 843 1603 912 1667; x_wconf 89' lang='lat' dir='ltr'><strong>ibat</strong></span> <span class='ocrx_word' id='word_1_74' title='bbox 935 1603 970 1667; x_wconf 91' lang='lat' dir='ltr'><strong>in</strong></span> <span class='ocrx_word' id='word_1_75' title='bbox 992 1603 1091 1667; x_wconf 80' lang='lat' dir='ltr'><strong>aruris</strong></span> 
     </span>
    </p>

    <p class='ocr_par' dir='ltr' id='par_1_11' title="bbox 210 1710 1131 1905">
     <span class='ocr_line' id='line_1_13' title="bbox 212 1710 1131 1797; baseline -0.001 -22"><span class='ocrx_word' id='word_1_76' title='bbox 212 1733 341 1775; x_wconf 89' lang='lat' dir='ltr'><strong>aureus:</strong></span> <span class='ocrx_word' id='word_1_77' title='bbox 365 1712 472 1795; x_wconf 90' lang='lat' dir='ltr'><strong>ipsum</strong></span> <span class='ocrx_word' id='word_1_78' title='bbox 495 1710 597 1797; x_wconf 89' lang='lat' dir='ltr'><strong>illum,</strong></span> <span class='ocrx_word' id='word_1_79' title='bbox 620 1710 758 1795; x_wconf 91' lang='lat' dir='ltr'><strong>clipeum</strong></span> <span class='ocrx_word' id='word_1_80' title='bbox 781 1711 959 1795; x_wconf 88' lang='lat' dir='ltr'><strong>cristasque</strong></span> <span class='ocrx_word' id='word_1_81' title='bbox 983 1711 1131 1776; x_wconf 88' lang='lat' dir='ltr'><strong>rubentis</strong></span> 
     </span>
     <span class='ocr_line' id='line_1_14' title="bbox 210 1817 1041 1905; baseline 0 -22"><span class='ocrx_word' id='word_1_82' title='bbox 210 1818 367 1903; x_wconf 82' lang='lat' dir='ltr'><strong>excipiam</strong></span> <span class='ocrx_word' id='word_1_83' title='bbox 390 1819 481 1904; x_wconf 89' lang='lat' dir='ltr'><strong>sorti,</strong></span> <span class='ocrx_word' id='word_1_84' title='bbox 503 1818 568 1881; x_wconf 89' lang='lat' dir='ltr'><strong>iam</strong></span> <span class='ocrx_word' id='word_1_85' title='bbox 590 1840 675 1882; x_wconf 89' lang='lat' dir='ltr'><strong>nunc</strong></span> <span class='ocrx_word' id='word_1_86' title='bbox 699 1823 755 1882; x_wconf 87' lang='lat' dir='ltr'><strong>tua</strong></span> <span class='ocrx_word' id='word_1_87' title='bbox 778 1818 931 1905; x_wconf 85' lang='lat' dir='ltr'><strong>praemia,</strong></span> <span class='ocrx_word' id='word_1_88' title='bbox 953 1817 1041 1883; x_wconf 90' lang='lat' dir='ltr'><strong>Nise.</strong></span> 
     </span>
    </p>

    <p class='ocr_par' dir='ltr' id='par_1_12' title="bbox 211 1924 1042 2011">
     <span class='ocr_line' id='line_1_15' title="bbox 211 1924 1042 2011; baseline -0.002 -20"><span class='ocrx_word' id='word_1_89' title='bbox 211 1931 376 2011; x_wconf 88' lang='lat' dir='ltr'><strong>praeterea</strong></span> <span class='ocrx_word' id='word_1_90' title='bbox 389 1924 450 2007; x_wconf 22' lang='lat' dir='ltr'><strong>,bis</strong></span> <span class='ocrx_word' id='word_1_91' title='bbox 474 1947 529 1988; x_wconf 85' lang='lat' dir='ltr'><strong>sex</strong></span> <span class='ocrx_word' id='word_1_92' title='bbox 553 1925 681 2010; x_wconf 80' lang='lat' dir='ltr'><strong>genitor</strong></span> <span class='ocrx_word' id='word_1_93' title='bbox 702 1925 879 1990; x_wconf 86' lang='lat' dir='ltr'><strong>lectissima</strong></span> <span class='ocrx_word' id='word_1_94' title='bbox 901 1931 1042 1990; x_wconf 90' lang='lat' dir='ltr'><strong>matrum</strong></span> 
     </span>
    </p>

    <p class='ocr_par' dir='ltr' id='par_1_13' title="bbox 211 2030 1131 2118">
     <span class='ocr_line' id='line_1_16' title="bbox 211 2030 1131 2118; baseline 0 -21"><span class='ocrx_word' id='word_1_95' title='bbox 211 2055 346 2118; x_wconf 84' lang='lat' dir='ltr'><strong>corpora</strong></span> <span class='ocrx_word' id='word_1_96' title='bbox 369 2032 577 2116; x_wconf 85' lang='lat' dir='ltr'><strong>captivosque</strong></span> <span class='ocrx_word' id='word_1_97' title='bbox 600 2030 690 2095; x_wconf 86' lang='lat' dir='ltr'><strong>dabit</strong></span> <span class='ocrx_word' id='word_1_98' title='bbox 714 2054 835 2116; x_wconf 87' lang='lat' dir='ltr'><strong>suaque</strong></span> <span class='ocrx_word' id='word_1_99' title='bbox 858 2033 1009 2097; x_wconf 89' lang='lat' dir='ltr'><strong>omnibus</strong></span> <span class='ocrx_word' id='word_1_100' title='bbox 1033 2055 1131 2118; x_wconf 87' lang='lat' dir='ltr'><strong>arma,</strong></span> 
     </span>
    </p>

    <p class='ocr_par' dir='ltr' id='par_1_14' title="bbox 210 2138 1111 2225">
     <span class='ocr_line' id='line_1_17' title="bbox 210 2138 1111 2225; baseline 0 -21"><span class='ocrx_word' id='word_1_101' title='bbox 210 2141 342 2225; x_wconf 88' lang='lat' dir='ltr'><strong>insuper</strong></span> <span class='ocrx_word' id='word_1_102' title='bbox 364 2140 416 2203; x_wconf 86' lang='lat' dir='ltr'><strong>his</strong></span> <span class='ocrx_word' id='word_1_103' title='bbox 440 2138 543 2223; x_wconf 88' lang='lat' dir='ltr'><strong>campi</strong></span> <span class='ocrx_word' id='word_1_104' title='bbox 566 2138 653 2222; x_wconf 90' lang='lat' dir='ltr'><strong>quod</strong></span> <span class='ocrx_word' id='word_1_105' title='bbox 675 2161 731 2202; x_wconf 87' lang='lat' dir='ltr'><strong>rex</strong></span> <span class='ocrx_word' id='word_1_106' title='bbox 754 2139 852 2203; x_wconf 85' lang='lat' dir='ltr'><strong>habet</strong></span> <span class='ocrx_word' id='word_1_107' title='bbox 876 2140 945 2223; x_wconf 93' lang='lat' dir='ltr'><strong>ipse</strong></span> <span class='ocrx_word' id='word_1_108' title='bbox 967 2138 1111 2204; x_wconf 86' lang='lat' dir='ltr'><strong>Latinus.</strong></span> 
     </span>
    </p>

    <p class='ocr_par' dir='ltr' id='par_1_15' title="bbox 210 2246 1291 2441">
     <span class='ocr_line' id='line_1_18' title="bbox 211 2246 1291 2332; baseline 0.003 -22"><span class='ocrx_word' id='word_1_109' title='bbox 211 2251 244 2310; x_wconf 92' lang='lat' dir='ltr'><strong>te</strong></span> <span class='ocrx_word' id='word_1_110' title='bbox 267 2269 352 2332; x_wconf 87' lang='lat' dir='ltr'><strong>vero,</strong></span> <span class='ocrx_word' id='word_1_111' title='bbox 374 2269 445 2310; x_wconf 90' lang='lat' dir='ltr'><strong>mea</strong></span> <span class='ocrx_word' id='word_1_112' title='bbox 469 2267 564 2330; x_wconf 84' lang='lat' dir='ltr'><strong>quem</strong></span> <span class='ocrx_word' id='word_1_113' title='bbox 588 2246 702 2329; x_wconf 88' lang='lat' dir='ltr'><strong>spatiis</strong></span> <span class='ocrx_word' id='word_1_114' title='bbox 726 2246 933 2330; x_wconf 89' lang='lat' dir='ltr'><strong>propioribus</strong></span> <span class='ocrx_word' id='word_1_115' title='bbox 957 2251 1045 2311; x_wconf 89' lang='lat' dir='ltr'><strong>aetas</strong></span> <span class='ocrx_word' id='word_1_116' title='bbox 1240 2265 1291 2314; x_wconf 82' lang='grc'><strong>276</strong></span> 
     </span>
     <span class='ocr_line' id='line_1_19' title="bbox 210 2353 1046 2441; baseline -0.001 -22"><span class='ocrx_word' id='word_1_117' title='bbox 210 2353 401 2441; x_wconf 86' lang='lat' dir='ltr'><strong>insequitur,</strong></span> <span class='ocrx_word' id='word_1_118' title='bbox 423 2355 601 2419; x_wconf 80' lang='lat' dir='ltr'><strong>venerande</strong></span> <span class='ocrx_word' id='word_1_119' title='bbox 624 2376 712 2440; x_wconf 87' lang='lat' dir='ltr'><strong>puer,</strong></span> <span class='ocrx_word' id='word_1_120' title='bbox 735 2353 800 2418; x_wconf 88' lang='lat' dir='ltr'><strong>iam</strong></span> <span class='ocrx_word' id='word_1_121' title='bbox 822 2359 951 2439; x_wconf 89' lang='lat' dir='ltr'><strong>pectore</strong></span> <span class='ocrx_word' id='word_1_122' title='bbox 975 2360 1046 2419; x_wconf 91' lang='lat' dir='ltr'><strong>toto</strong></span> 
     </span>
    </p>
   </div>
   <div class='ocr_carea' id='block_1_3' title="bbox 142 2530 1291 2815">
    <p class='ocr_par' dir='ltr' id='par_1_16' title="bbox 142 2530 1291 2815">
     <span class='ocr_line' id='line_1_20' title="bbox 232 2530 1291 2587; baseline 0.004 -4"><span class='ocrx_word' id='word_1_123' title='bbox 232 2549 399 2585; x_wconf 74' lang='lat' dir='ltr'><strong>mortuom.</strong></span> <span class='ocrx_word' id='word_1_124' title='bbox 437 2535 488 2584; x_wconf 87' lang='grc'><strong>268</strong></span> <span class='ocrx_word' id='word_1_125' title='bbox 509 2532 549 2586; x_wconf 83' lang='lat' dir='ltr'><strong>‘et</strong></span> <span class='ocrx_word' id='word_1_126' title='bbox 563 2574 569 2585; x_wconf 91' lang='lat'>.</span> <span class='ocrx_word' id='word_1_127' title='bbox 585 2573 591 2585; x_wconf 87' lang='lat'><strong>.</strong></span> <span class='ocrx_word' id='word_1_128' title='bbox 608 2574 614 2586; x_wconf 92' lang='lat'><strong>.</strong></span> <span class='ocrx_word' id='word_1_129' title='bbox 629 2532 744 2585; x_wconf 88' lang='lat' dir='ltr'><strong>sortem&#39;</strong></span> <span class='ocrx_word' id='word_1_130' title='bbox 766 2530 879 2585; x_wconf 87' lang='lat' dir='ltr'><strong>Servius</strong></span> <span class='ocrx_word' id='word_1_131' title='bbox 893 2530 961 2585; x_wconf 80' lang='lat' dir='ltr'><strong>Aen.</strong></span> <span class='ocrx_word' id='word_1_132' title='bbox 976 2531 1015 2584; x_wconf 94' lang='grc' dir='ltr'><strong>ΠΙ</strong></span> <span class='ocrx_word' id='word_1_133' title='bbox 1029 2536 1081 2585; x_wconf 87' lang='grc'><strong>323</strong></span> <span class='ocrx_word' id='word_1_134' title='bbox 1160 2537 1211 2584; x_wconf 87' lang='grc'><strong>269</strong></span> <span class='ocrx_word' id='word_1_135' title='bbox 1226 2530 1255 2586; x_wconf 88' lang='lat' dir='ltr'><strong>C.</strong></span> <span class='ocrx_word' id='word_1_136' title='bbox 1270 2531 1291 2587; x_wconf 94' lang='lat' dir='ltr'><strong>I.</strong></span> 
     </span>
     <span class='ocr_line' id='line_1_21' title="bbox 143 2601 1291 2672; baseline 0.001 -17"><span class='ocrx_word' id='word_1_137' title='bbox 143 2603 174 2655; x_wconf 80' lang='lat' dir='ltr'><strong>L.</strong></span> <span class='ocrx_word' id='word_1_138' title='bbox 189 2602 228 2656; x_wconf 87' lang='lat' dir='ltr'><strong>IV</strong></span> <span class='ocrx_word' id='word_1_139' title='bbox 245 2609 310 2656; x_wconf 80' lang='grc'><strong>1297</strong></span> <span class='ocrx_word' id='word_1_140' title='bbox 331 2602 489 2656; x_wconf 85' lang='lat' dir='ltr'><strong>Macrobius</strong></span> <span class='ocrx_word' id='word_1_141' title='bbox 508 2603 567 2657; x_wconf 78' lang='lat' dir='ltr'><strong>Set.</strong></span> <span class='ocrx_word' id='word_1_142' title='bbox 580 2601 620 2656; x_wconf 89' lang='lat' dir='ltr'><strong>VI</strong></span> <span class='ocrx_word' id='word_1_143' title='bbox 639 2607 655 2656; x_wconf 89' lang='grc'><strong>6</strong></span> <span class='ocrx_word' id='word_1_144' title='bbox 685 2609 717 2656; x_wconf 90' lang='grc'><strong>12</strong></span> <span class='ocrx_word' id='word_1_145' title='bbox 804 2607 856 2656; x_wconf 87' lang='grc'><strong>270</strong></span> <span class='ocrx_word' id='word_1_146' title='bbox 865 2621 906 2671; x_wconf 91' lang='lat' dir='ltr'><strong>sq.</strong></span> <span class='ocrx_word' id='word_1_147' title='bbox 928 2602 1032 2672; x_wconf 81' lang='lat' dir='ltr'><strong>‘ipsum</strong></span> <span class='ocrx_word' id='word_1_148' title='bbox 1052 2647 1058 2658; x_wconf 93' lang='lat'>.</span> <span class='ocrx_word' id='word_1_149' title='bbox 1079 2646 1085 2656; x_wconf 87' lang='lat'><strong>.</strong></span> <span class='ocrx_word' id='word_1_150' title='bbox 1105 2644 1112 2657; x_wconf 90' lang='lat'><strong>.</strong></span> <span class='ocrx_word' id='word_1_151' title='bbox 1132 2602 1214 2657; x_wconf 90' lang='lat' dir='ltr'><strong>sorti’</strong></span> <span class='ocrx_word' id='word_1_152' title='bbox 1235 2602 1291 2656; x_wconf 90' lang='lat' dir='ltr'><strong>No·</strong></span> 
     </span>
     <span class='ocr_line' id='line_1_22' title="bbox 142 2646 1289 2743; baseline 0.001 -17"><span class='ocrx_word' id='word_1_153' title='bbox 142 2673 205 2726; x_wconf 90' lang='lat' dir='ltr'><strong>nius</strong></span> <span class='ocrx_word' id='word_1_154' title='bbox 220 2678 281 2741; x_wconf 85' lang='grc'><strong>293,</strong></span> <span class='ocrx_word' id='word_1_155' title='bbox 296 2678 312 2725; x_wconf 89' lang='grc'><strong>9</strong></span> <span class='ocrx_word' id='word_1_156' title='bbox 367 2679 416 2727; x_wconf 87' lang='grc'><strong>271</strong></span> <span class='ocrx_word' id='word_1_157' title='bbox 440 2674 593 2728; x_wconf 85' lang='lat' dir='ltr'><strong>Arusianus</strong></span> <span class='ocrx_word' id='word_1_158' title='bbox 612 2646 663 2727; x_wconf 80' lang='lat' dir='ltr'><strong>vd</strong></span> <span class='ocrx_word' id='word_1_159' title='bbox 683 2678 734 2728; x_wconf 92' lang='grc'><strong>472</strong></span> <span class='ocrx_word' id='word_1_160' title='bbox 745 2673 778 2729; x_wconf 79' lang='grc' dir='ltr'><strong>Κ,</strong></span> <span class='ocrx_word' id='word_1_161' title='bbox 840 2680 892 2728; x_wconf 84' lang='grc'><strong>276</strong></span> <span class='ocrx_word' id='word_1_162' title='bbox 904 2692 943 2742; x_wconf 88' lang='lat' dir='ltr'><strong>sq.</strong></span> <span class='ocrx_word' id='word_1_163' title='bbox 965 2674 1039 2729; x_wconf 82' lang='lat' dir='ltr'><strong>‘mea</strong></span> <span class='ocrx_word' id='word_1_164' title='bbox 1055 2718 1060 2730; x_wconf 93' lang='lat'><em>.</em></span> <span class='ocrx_word' id='word_1_165' title='bbox 1077 2718 1083 2729; x_wconf 92' lang='lat'>.</span> <span class='ocrx_word' id='word_1_166' title='bbox 1099 2718 1105 2730; x_wconf 90' lang='lat'>.</span> <span class='ocrx_word' id='word_1_167' title='bbox 1121 2672 1289 2743; x_wconf 87' lang='lat' dir='ltr'><strong>insequitur’</strong></span> 
     </span>
     <span class='ocr_line' id='line_1_23' title="bbox 144 2743 539 2815; baseline 0.005 -19"><span class='ocrx_word' id='word_1_168' title='bbox 144 2743 230 2799; x_wconf 91' lang='lat' dir='ltr'><strong>schol.</strong></span> <span class='ocrx_word' id='word_1_169' title='bbox 250 2744 317 2799; x_wconf 86' lang='lat' dir='ltr'><strong>Hor.</strong></span> <span class='ocrx_word' id='word_1_170' title='bbox 333 2744 441 2800; x_wconf 83' lang='lat' dir='ltr'><strong>serml</strong></span> <span class='ocrx_word' id='word_1_171' title='bbox 460 2752 503 2815; x_wconf 82' lang='grc'><strong>36,</strong></span> <span class='ocrx_word' id='word_1_172' title='bbox 523 2749 539 2798; x_wconf 87' lang='lat'><em>8</em></span> 
     </span>
    </p>
   </div>
   <div class='ocr_carea' id='block_1_4' title="bbox 231 2913 1291 2988">
    <p class='ocr_par' dir='ltr' id='par_1_17' title="bbox 231 2913 1291 2988">
     <span class='ocr_line' id='line_1_24' title="bbox 231 2913 1291 2988; baseline 0.003 -16"><span class='ocrx_word' id='word_1_173' title='bbox 231 2931 326 2972; x_wconf 68' lang='lat' dir='ltr'><strong>vnum</strong></span> <span class='ocrx_word' id='word_1_174' title='bbox 344 2932 464 2973; x_wconf 76' lang='lat' dir='ltr'><strong>necno.</strong></span> <span class='ocrx_word' id='word_1_175' title='bbox 513 2916 574 2974; x_wconf 90' lang='grc'><strong>261</strong></span> <span class='ocrx_word' id='word_1_176' title='bbox 601 2913 762 2973; x_wconf 79' lang='lat' dir='ltr'>GREMBS</span> <span class='ocrx_word' id='word_1_177' title='bbox 782 2915 810 2973; x_wconf 95' lang='lat' dir='ltr'><strong><em>P</em></strong></span> <span class='ocrx_word' id='word_1_178' title='bbox 899 2916 961 2975; x_wconf 92' lang='grc'><strong>266</strong></span> <span class='ocrx_word' id='word_1_179' title='bbox 986 2917 1084 2975; x_wconf 81' lang='lat' dir='ltr'><strong>obesse</strong></span> <span class='ocrx_word' id='word_1_180' title='bbox 1101 2932 1189 2988; x_wconf 81' lang='lat' dir='ltr'><strong>posse</strong></span> <span class='ocrx_word' id='word_1_181' title='bbox 1215 2916 1291 2975; x_wconf 79' lang='lat' dir='ltr'><strong>iudi-</strong></span> 
     </span>
    </p>
   </div>
   <div class='ocr_carea' id='block_1_5' title="bbox 143 3002 1293 3215">
    <p class='ocr_par' dir='ltr' id='par_1_18' title="bbox 143 3002 1293 3215">
     <span class='ocr_line' id='line_1_25' title="bbox 143 3002 1293 3078; baseline 0.003 -19"><span class='ocrx_word' id='word_1_182' title='bbox 143 3004 219 3061; x_wconf 77' lang='lat' dir='ltr'><strong>cavit</strong></span> <span class='ocrx_word' id='word_1_183' title='bbox 244 3003 391 3077; x_wconf 80' lang='lat' dir='ltr'><strong>Heynius,</strong></span> <span class='ocrx_word' id='word_1_184' title='bbox 420 3006 500 3062; x_wconf 76' lang='lat' dir='ltr'><strong>eiecit</strong></span> <span class='ocrx_word' id='word_1_185' title='bbox 526 3004 741 3078; x_wconf 75' lang='lat' dir='ltr'><strong>Peerlkampus.</strong></span> <span class='ocrx_word' id='word_1_186' title='bbox 787 3004 1002 3077; x_wconf 75' lang='lat' dir='ltr'><strong>Interpretatur</strong></span> <span class='ocrx_word' id='word_1_187' title='bbox 1029 3022 1145 3064; x_wconf 66' lang='lat' dir='ltr'><strong>vasum</strong></span> <span class='ocrx_word' id='word_1_188' title='bbox 1173 3002 1293 3064; x_wconf 71' lang='lat' dir='ltr'><strong>Servios</strong></span> 
     </span>
     <span class='ocr_line' id='line_1_26' title="bbox 230 3085 1291 3174; baseline 0.003 -24"><span class='ocrx_word' id='word_1_189' title='bbox 230 3091 418 3161; x_wconf 80' lang='lat' dir='ltr'><strong>ANTIQVM</strong></span> <span class='ocrx_word' id='word_1_190' title='bbox 436 3094 484 3172; x_wconf 82' lang='lat' dir='ltr'><strong>Ry</strong></span> <span class='ocrx_word' id='word_1_191' title='bbox 512 3092 672 3171; x_wconf 84' lang='lat' dir='ltr'><strong>antiquum</strong></span> <span class='ocrx_word' id='word_1_192' title='bbox 691 3095 724 3151; x_wconf 84' lang='lat' dir='ltr'><strong>be</strong></span> <span class='ocrx_word' id='word_1_193' title='bbox 823 3094 887 3153; x_wconf 85' lang='grc'><strong>266</strong></span> <span class='ocrx_word' id='word_1_194' title='bbox 917 3091 1066 3152; x_wconf 81' lang='lat' dir='ltr'><strong>DIGERE</strong></span> <span class='ocrx_word' id='word_1_195' title='bbox 1096 3085 1198 3174; x_wconf 71' lang='lat' dir='ltr'><strong>(oasa</strong></span> <span class='ocrx_word' id='word_1_196' title='bbox 1225 3095 1291 3166; x_wconf 80' lang='lat' dir='ltr'><strong>fort.</strong></span> 
     </span>
     <span class='ocr_line' id='line_1_27' title="bbox 430 3187 447 3215; baseline 0 0"><span class='ocrx_word' id='word_1_197' title='bbox 430 3187 447 3215; x_wconf 76' lang='lat' dir='ltr'>u</span> 
     </span>
    </p>
   </div>
   <div class='ocr_carea' id='block_1_6' title="bbox 134 3231 1292 4115">
    <p class='ocr_par' dir='ltr' id='par_1_19' title="bbox 134 3231 1292 4115">
     <span class='ocr_line' id='line_1_28' title="bbox 142 3231 1292 3317; baseline 0.002 -24"><span class='ocrx_word' id='word_1_198' title='bbox 142 3234 170 3293; x_wconf 92' lang='lat' dir='ltr'>U</span> <span class='ocrx_word' id='word_1_199' title='bbox 192 3253 285 3310; x_wconf 80' lang='lat' dir='ltr'><strong>supro</strong></span> <span class='ocrx_word' id='word_1_200' title='bbox 302 3231 332 3317; x_wconf 86' lang='grc' dir='ltr'><strong>Ι)</strong></span> <span class='ocrx_word' id='word_1_201' title='bbox 352 3237 391 3294; x_wconf 89' lang='lat' dir='ltr'><strong><em>M</em></strong></span> <span class='ocrx_word' id='word_1_202' title='bbox 415 3235 553 3315; x_wconf 79' lang='lat' dir='ltr'><strong>dicerey</strong></span> <span class='ocrx_word' id='word_1_203' title='bbox 584 3234 743 3294; x_wconf 78' lang='lat' dir='ltr'>DVOERE</span> <span class='ocrx_word' id='word_1_204' title='bbox 767 3236 874 3303; x_wconf 85' lang='lat' dir='ltr'><strong>Rbom,</strong></span> <span class='ocrx_word' id='word_1_205' title='bbox 904 3240 1000 3295; x_wconf 81' lang='lat' dir='ltr'><strong>tuetur</strong></span> <span class='ocrx_word' id='word_1_206' title='bbox 1027 3237 1225 3295; x_wconf 80' lang='lat' dir='ltr'><strong>Marklandus</strong></span> <span class='ocrx_word' id='word_1_207' title='bbox 1253 3238 1292 3295; x_wconf 84' lang='lat' dir='ltr'><strong>od</strong></span> 
     </span>
     <span class='ocr_line' id='line_1_29' title="bbox 140 3319 1291 3403; baseline 0.001 -20"><span class='ocrx_word' id='word_1_208' title='bbox 140 3323 228 3385; x_wconf 78' lang='lat' dir='ltr'><strong>Statii</strong></span> <span class='ocrx_word' id='word_1_209' title='bbox 250 3327 314 3385; x_wconf 77' lang='lat' dir='ltr'><strong>silo.</strong></span> <span class='ocrx_word' id='word_1_210' title='bbox 334 3325 362 3382; x_wconf 89' lang='lat' dir='ltr'>V</span> <span class='ocrx_word' id='word_1_211' title='bbox 386 3328 416 3402; x_wconf 86' lang='lat'><strong>3,</strong></span> <span class='ocrx_word' id='word_1_212' title='bbox 441 3328 481 3386; x_wconf 82' lang='lat'><strong>92</strong></span> <span class='ocrx_word' id='word_1_213' title='bbox 506 3319 615 3384; x_wconf 75' lang='lat' dir='ltr'><strong>‘dicere</strong></span> <span class='ocrx_word' id='word_1_214' title='bbox 639 3328 764 3403; x_wconf 86' lang='lat' dir='ltr'><strong>sortem,</strong></span> <span class='ocrx_word' id='word_1_215' title='bbox 787 3329 922 3385; x_wconf 67' lang='lat' dir='ltr'><strong>dotum.</strong></span> <span class='ocrx_word' id='word_1_216' title='bbox 968 3326 1021 3385; x_wconf 82' lang='lat' dir='ltr'><strong>olii</strong></span> <span class='ocrx_word' id='word_1_217' title='bbox 1039 3327 1160 3399; x_wconf 79' lang='lat' dir='ltr'><strong>proprie</strong></span> <span class='ocrx_word' id='word_1_218' title='bbox 1183 3325 1291 3384; x_wconf 87' lang='lat' dir='ltr'><strong>ducere</strong></span> 
     </span>
     <span class='ocr_line' id='line_1_30' title="bbox 142 3407 1247 3491; baseline 0.002 -20"><span class='ocrx_word' id='word_1_219' title='bbox 142 3414 237 3487; x_wconf 70' lang='lat' dir='ltr'><strong>locunt</strong></span> <span class='ocrx_word' id='word_1_220' title='bbox 251 3460 257 3474; x_wconf 92' lang='lat'><strong>.</strong></span> <span class='ocrx_word' id='word_1_221' title='bbox 273 3464 279 3475; x_wconf 92' lang='lat'>.</span> <span class='ocrx_word' id='word_1_222' title='bbox 295 3459 302 3474; x_wconf 90' lang='lat'><strong>.</strong></span> <span class='ocrx_word' id='word_1_223' title='bbox 319 3411 385 3490; x_wconf 82' lang='lat' dir='ltr'><strong>[otii</strong></span> <span class='ocrx_word' id='word_1_224' title='bbox 407 3415 522 3474; x_wconf 85' lang='lat' dir='ltr'><strong>deicere</strong></span> <span class='ocrx_word' id='word_1_225' title='bbox 545 3417 642 3489; x_wconf 73' lang='lat' dir='ltr'><strong>loquat</strong></span> <span class='ocrx_word' id='word_1_226' title='bbox 659 3417 817 3475; x_wconf 80' lang='lat' dir='ltr'><strong>secuudum</strong></span> <span class='ocrx_word' id='word_1_227' title='bbox 839 3416 913 3474; x_wconf 77' lang='lat' dir='ltr'><strong>illud</strong></span> <span class='ocrx_word' id='word_1_228' title='bbox 922 3413 950 3470; x_wconf 89' lang='lat' dir='ltr'>V</span> <span class='ocrx_word' id='word_1_229' title='bbox 964 3407 1104 3491; x_wconf 81' lang='lat' dir='ltr'><strong>490sq.]&#39;</strong></span> <span class='ocrx_word' id='word_1_230' title='bbox 1127 3413 1247 3474; x_wconf 75' lang='lat' dir='ltr'><strong>Servius</strong></span> 
     </span>
     <span class='ocr_line' id='line_1_31' title="bbox 144 3502 1291 3578; baseline 0.002 -18"><span class='ocrx_word' id='word_1_231' title='bbox 144 3504 205 3563; x_wconf 90' lang='grc'><strong>269</strong></span> <span class='ocrx_word' id='word_1_232' title='bbox 226 3504 346 3564; x_wconf 84' lang='lat' dir='ltr'><strong>vidistis</strong></span> <span class='ocrx_word' id='word_1_233' title='bbox 369 3505 516 3564; x_wconf 79' lang='lat' dir='ltr'><strong>Macrobii</strong></span> <span class='ocrx_word' id='word_1_234' title='bbox 538 3506 610 3563; x_wconf 83' lang='lat' dir='ltr'><strong>Por.</strong></span> <span class='ocrx_word' id='word_1_235' title='bbox 634 3523 653 3564; x_wconf 87' lang='lat' dir='ltr'><strong>u</strong></span> <span class='ocrx_word' id='word_1_236' title='bbox 722 3503 892 3563; x_wconf 84' lang='lat' dir='ltr'><strong>TVRNVM</strong></span> <span class='ocrx_word' id='word_1_237' title='bbox 914 3506 1001 3563; x_wconf 77' lang='lat' dir='ltr'><strong>inser.</strong></span> <span class='ocrx_word' id='word_1_238' title='bbox 1026 3504 1127 3578; x_wconf 80' lang='lat' dir='ltr'><strong>Pomp.</strong></span> <span class='ocrx_word' id='word_1_239' title='bbox 1201 3502 1291 3574; x_wconf 81' lang='lat' dir='ltr'><strong>QVIS</strong></span> 
     </span>
     <span class='ocr_line' id='line_1_32' title="bbox 142 3591 1292 3671; baseline 0.002 -22"><span class='ocrx_word' id='word_1_240' title='bbox 142 3593 173 3650; x_wconf 76' lang='lat' dir='ltr'><strong>in</strong></span> <span class='ocrx_word' id='word_1_241' title='bbox 196 3611 256 3652; x_wconf 87' lang='lat' dir='ltr'><strong>rus.</strong></span> <span class='ocrx_word' id='word_1_242' title='bbox 279 3595 324 3653; x_wconf 84' lang='lat' dir='ltr'><strong>oet</strong></span> <span class='ocrx_word' id='word_1_243' title='bbox 347 3612 421 3654; x_wconf 65' lang='lat' dir='ltr'><strong>aas.</strong></span> <span class='ocrx_word' id='word_1_244' title='bbox 444 3594 475 3652; x_wconf 85' lang='lat' dir='ltr'><em>R</em></span> <span class='ocrx_word' id='word_1_245' title='bbox 551 3613 638 3670; x_wconf 87' lang='lat' dir='ltr'><strong>equo,</strong></span> <span class='ocrx_word' id='word_1_246' title='bbox 662 3594 772 3671; x_wconf 90' lang='lat' dir='ltr'><strong>quibus</strong></span> <span class='ocrx_word' id='word_1_247' title='bbox 795 3591 871 3670; x_wconf 86' lang='lat' dir='ltr'><strong>ibat]</strong></span> <span class='ocrx_word' id='word_1_248' title='bbox 897 3592 1139 3663; x_wconf 82' lang='lat' dir='ltr'><strong>AHQORIBVS·</strong></span> <span class='ocrx_word' id='word_1_249' title='bbox 1163 3592 1292 3652; x_wconf 83' lang='lat' dir='ltr'><strong>IIIBAT</strong></span> 
     </span>
     <span class='ocr_line' id='line_1_33' title="bbox 141 3681 1291 3757; baseline 0.004 -19"><span class='ocrx_word' id='word_1_250' title='bbox 141 3682 229 3740; x_wconf 80' lang='lat' dir='ltr'><strong>inser.</strong></span> <span class='ocrx_word' id='word_1_251' title='bbox 246 3684 346 3757; x_wconf 79' lang='lat' dir='ltr'><strong>Pomp.</strong></span> <span class='ocrx_word' id='word_1_252' title='bbox 444 3686 508 3743; x_wconf 90' lang='grc'><strong>270</strong></span> <span class='ocrx_word' id='word_1_253' title='bbox 532 3682 744 3743; x_wconf 78' lang='lat' dir='ltr'>RUBENTES</span> <span class='ocrx_word' id='word_1_254' title='bbox 763 3685 803 3742; x_wconf 87' lang='lat' dir='ltr'><strong><em>M</em></strong></span> <span class='ocrx_word' id='word_1_255' title='bbox 824 3681 1027 3743; x_wconf 80' lang='lat' dir='ltr'>OOMANTIS</span> <span class='ocrx_word' id='word_1_256' title='bbox 1047 3683 1086 3749; x_wconf 87' lang='lat' dir='ltr'><strong>R,</strong></span> <span class='ocrx_word' id='word_1_257' title='bbox 1109 3689 1142 3742; x_wconf 84' lang='lat' dir='ltr'><strong>ut</strong></span> <span class='ocrx_word' id='word_1_258' title='bbox 1159 3683 1206 3741; x_wconf 88' lang='lat'><strong>111</strong></span> <span class='ocrx_word' id='word_1_259' title='bbox 1226 3685 1291 3743; x_wconf 89' lang='grc'><strong>468</strong></span> 
     </span>
     <span class='ocr_line' id='line_1_34' title="bbox 232 3772 1292 3852; baseline 0.003 -23"><span class='ocrx_word' id='word_1_260' title='bbox 232 3772 378 3830; x_wconf 74' lang='lat' dir='ltr'><strong>271iam</strong></span> <span class='ocrx_word' id='word_1_261' title='bbox 402 3777 458 3831; x_wconf 87' lang='lat' dir='ltr'><strong>tua</strong></span> <span class='ocrx_word' id='word_1_262' title='bbox 479 3790 595 3852; x_wconf 81' lang='lat' dir='ltr'><strong>nuncy</strong></span> <span class='ocrx_word' id='word_1_263' title='bbox 618 3791 697 3832; x_wconf 88' lang='lat' dir='ltr'><strong>nunc</strong></span> <span class='ocrx_word' id='word_1_264' title='bbox 720 3773 781 3832; x_wconf 86' lang='lat' dir='ltr'><strong>iam</strong></span> <span class='ocrx_word' id='word_1_265' title='bbox 804 3777 892 3832; x_wconf 87' lang='lat' dir='ltr'><strong>tuac</strong></span> <span class='ocrx_word' id='word_1_266' title='bbox 971 3774 1146 3832; x_wconf 88' lang='grc'><strong>272-274</strong></span> <span class='ocrx_word' id='word_1_267' title='bbox 1170 3774 1292 3832; x_wconf 82' lang='lat' dir='ltr'><strong>damnat</strong></span> 
     </span>
     <span class='ocr_line' id='line_1_35' title="bbox 141 3859 1288 3936; baseline 0.002 -20"><span class='ocrx_word' id='word_1_268' title='bbox 141 3859 357 3933; x_wconf 80' lang='lat' dir='ltr'><strong>Peerlkampus,</strong></span> <span class='ocrx_word' id='word_1_269' title='bbox 379 3864 585 3936; x_wconf 77' lang='lat' dir='ltr'><strong>interpretetur</strong></span> <span class='ocrx_word' id='word_1_270' title='bbox 602 3860 736 3922; x_wconf 72' lang='lat' dir='ltr'><strong>Servius:</strong></span> <span class='ocrx_word' id='word_1_271' title='bbox 758 3864 966 3936; x_wconf 70' lang='lat' dir='ltr'><strong>duplicem</strong></span> <span class='ocrx_word' id='word_1_272' title='bbox 1060 3864 1123 3922; x_wconf 87' lang='grc'><strong>273</strong></span> <span class='ocrx_word' id='word_1_273' title='bbox 1143 3862 1235 3920; x_wconf 86' lang='lat' dir='ltr'><strong>dabat</strong></span> <span class='ocrx_word' id='word_1_274' title='bbox 1255 3864 1288 3919; x_wconf 90' lang='lat' dir='ltr'><strong>cl</strong></span> 
     </span>
     <span class='ocr_line' id='line_1_36' title="bbox 231 3948 1291 4028; baseline 0.002 -21"><span class='ocrx_word' id='word_1_275' title='bbox 231 3950 295 4007; x_wconf 91' lang='grc'><strong>274</strong></span> <span class='ocrx_word' id='word_1_276' title='bbox 318 3948 355 4007; x_wconf 85' lang='lat' dir='ltr'><strong>Is</strong></span> <span class='ocrx_word' id='word_1_277' title='bbox 373 3950 427 4009; x_wconf 81' lang='lat' dir='ltr'><strong>M:</strong></span> <span class='ocrx_word' id='word_1_278' title='bbox 453 3953 488 4024; x_wconf 78' lang='lat' dir='ltr'><strong>cf.</strong></span> <span class='ocrx_word' id='word_1_279' title='bbox 509 3951 719 4011; x_wconf 79' lang='lat' dir='ltr'><strong>Loobmouuus</strong></span> <span class='ocrx_word' id='word_1_280' title='bbox 742 3951 832 4011; x_wconf 74' lang='lat' dir='ltr'><strong>Lao.</strong></span> <span class='ocrx_word' id='word_1_281' title='bbox 854 3955 932 4028; x_wconf 82' lang='grc'><strong>262;</strong></span> <span class='ocrx_word' id='word_1_282' title='bbox 960 3952 1010 4011; x_wconf 83' lang='lat' dir='ltr'><strong>sed</strong></span> <span class='ocrx_word' id='word_1_283' title='bbox 1037 3952 1203 4010; x_wconf 81' lang='lat' dir='ltr'><strong>Lodevious</strong></span> <span class='ocrx_word' id='word_1_284' title='bbox 1221 3969 1291 4024; x_wconf 77' lang='lat' dir='ltr'><strong>per-</strong></span> 
     </span>
     <span class='ocr_line' id='line_1_37' title="bbox 134 4039 1289 4115; baseline 0.002 -18"><span class='ocrx_word' id='word_1_285' title='bbox 134 4054 241 4112; x_wconf 79' lang='lat' dir='ltr'><strong>peram</strong></span> <span class='ocrx_word' id='word_1_286' title='bbox 259 4057 317 4111; x_wconf 78' lang='lat' dir='ltr'><strong>pro</strong></span> <span class='ocrx_word' id='word_1_287' title='bbox 339 4042 516 4100; x_wconf 79' lang='lat' dir='ltr'><strong>nominativo</strong></span> <span class='ocrx_word' id='word_1_288' title='bbox 538 4043 758 4115; x_wconf 76' lang='lat' dir='ltr'><strong>interpretatur:</strong></span> <span class='ocrx_word' id='word_1_289' title='bbox 781 4042 818 4113; x_wconf 80' lang='lat' dir='ltr'><strong>cf.</strong></span> <span class='ocrx_word' id='word_1_290' title='bbox 842 4042 1008 4115; x_wconf 74' lang='lat' dir='ltr'><strong>quucrus</strong></span> <span class='ocrx_word' id='word_1_291' title='bbox 1030 4043 1101 4100; x_wconf 80' lang='lat' dir='ltr'><strong>lectt.</strong></span> <span class='ocrx_word' id='word_1_292' title='bbox 1127 4039 1209 4112; x_wconf 71' lang='lat' dir='ltr'><strong>Vero.</strong></span> <span class='ocrx_word' id='word_1_293' title='bbox 1226 4041 1289 4099; x_wconf 82' lang='lat'><strong>389</strong></span> 
     </span>
    </p>
   </div>
   <div class='ocr_carea' id='block_1_7' title="bbox 140 4126 1292 4300">
    <p class='ocr_par' dir='ltr' id='par_1_20' title="bbox 140 4126 1292 4300">
     <span class='ocr_line' id='line_1_38' title="bbox 140 4126 1291 4207; baseline 0.002 -23"><span class='ocrx_word' id='word_1_294' title='bbox 140 4126 186 4186; x_wconf 87' lang='lat' dir='ltr'><strong>his</strong></span> <span class='ocrx_word' id='word_1_295' title='bbox 209 4126 328 4188; x_wconf 81' lang='lat' dir='ltr'><strong>Servius</strong></span> <span class='ocrx_word' id='word_1_296' title='bbox 350 4131 382 4188; x_wconf 80' lang='lat' dir='ltr'><strong>in</strong></span> <span class='ocrx_word' id='word_1_297' title='bbox 405 4131 497 4189; x_wconf 65' lang='lat' dir='ltr'><strong>kmm.</strong></span> <span class='ocrx_word' id='word_1_298' title='bbox 574 4130 648 4207; x_wconf 90' lang='lat' dir='ltr'><strong>quin</strong></span> <span class='ocrx_word' id='word_1_299' title='bbox 671 4148 762 4205; x_wconf 88' lang='lat' dir='ltr'><strong>super</strong></span> <span class='ocrx_word' id='word_1_300' title='bbox 785 4130 830 4188; x_wconf 90' lang='lat' dir='ltr'><strong>his</strong></span> <span class='ocrx_word' id='word_1_301' title='bbox 854 4129 1017 4204; x_wconf 77' lang='lat' dir='ltr'><strong>Settopcrus</strong></span> <span class='ocrx_word' id='word_1_302' title='bbox 1092 4126 1238 4187; x_wconf 77' lang='lat' dir='ltr'>CAMPIS</span> <span class='ocrx_word' id='word_1_303' title='bbox 1262 4129 1291 4186; x_wconf 85' lang='lat' dir='ltr'><em>R</em></span> 
     </span>
     <span class='ocr_line' id='line_1_39' title="bbox 230 4209 1292 4300; baseline -0.001 -25"><span class='ocrx_word' id='word_1_304' title='bbox 230 4214 336 4286; x_wconf 64' lang='lat' dir='ltr'>QVOD</span> <span class='ocrx_word' id='word_1_305' title='bbox 361 4209 396 4298; x_wconf 85' lang='lat' dir='ltr'><strong>(S</strong></span> <span class='ocrx_word' id='word_1_306' title='bbox 420 4237 513 4292; x_wconf 80' lang='lat' dir='ltr'><strong>supro</strong></span> <span class='ocrx_word' id='word_1_307' title='bbox 531 4211 572 4300; x_wconf 83' lang='lat' dir='ltr'><strong>D)</strong></span> <span class='ocrx_word' id='word_1_308' title='bbox 596 4219 624 4277; x_wconf 95' lang='lat' dir='ltr'><strong><em>P</em></strong></span> <span class='ocrx_word' id='word_1_309' title='bbox 649 4216 751 4289; x_wconf 82' lang='lat' dir='ltr'>QUOS</span> <span class='ocrx_word' id='word_1_310' title='bbox 776 4212 877 4300; x_wconf 82' lang='lat' dir='ltr'><strong>(erosa</strong></span> <span class='ocrx_word' id='word_1_311' title='bbox 900 4219 925 4277; x_wconf 89' lang='lat' dir='ltr'>D</span> <span class='ocrx_word' id='word_1_312' title='bbox 947 4223 980 4278; x_wconf 82' lang='lat' dir='ltr'><strong>ot</strong></span> <span class='ocrx_word' id='word_1_313' title='bbox 1002 4219 1059 4277; x_wconf 81' lang='lat' dir='ltr'><strong>oid.</strong></span> <span class='ocrx_word' id='word_1_314' title='bbox 1082 4236 1175 4291; x_wconf 81' lang='lat' dir='ltr'><strong>supro</strong></span> <span class='ocrx_word' id='word_1_315' title='bbox 1195 4209 1229 4297; x_wconf 85' lang='lat' dir='ltr'><strong>S)</strong></span> <span class='ocrx_word' id='word_1_316' title='bbox 1253 4218 1292 4274; x_wconf 87' lang='lat' dir='ltr'><strong><em>M</em></strong></span> 
     </span>
    </p>
   </div>
   <div class='ocr_carea' id='block_1_8' title="bbox 22 4304 1202 4386">
    <p class='ocr_par' dir='ltr' id='par_1_21' title="bbox 22 4304 1202 4386">
     <span class='ocr_line' id='line_1_40' title="bbox 22 4304 1202 4386; baseline 0.001 -22"><span class='ocrx_word' id='word_1_317' title='bbox 22 4329 28 4339; x_wconf 90' lang='lat'><strong>·</strong></span> <span class='ocrx_word' id='word_1_318' title='bbox 139 4325 214 4381; x_wconf 88' lang='lat' dir='ltr'><strong>quos</strong></span> <span class='ocrx_word' id='word_1_319' title='bbox 237 4309 290 4386; x_wconf 73' lang='lat'><strong>702</strong></span> <span class='ocrx_word' id='word_1_320' title='bbox 383 4307 509 4384; x_wconf 83' lang='lat' dir='ltr'><strong>campis,</strong></span> <span class='ocrx_word' id='word_1_321' title='bbox 532 4326 607 4385; x_wconf 91' lang='lat' dir='ltr'><strong>quos</strong></span> <span class='ocrx_word' id='word_1_322' title='bbox 632 4326 697 4367; x_wconf 84' lang='lat' dir='ltr'><strong>eum</strong></span> <span class='ocrx_word' id='word_1_323' title='bbox 719 4310 828 4367; x_wconf 79' lang='lat' dir='ltr'><strong>lacuna</strong></span> <span class='ocrx_word' id='word_1_324' title='bbox 851 4313 918 4367; x_wconf 79' lang='lat' dir='ltr'><strong>onte</strong></span> <span class='ocrx_word' id='word_1_325' title='bbox 939 4327 964 4367; x_wconf 77' lang='lat' dir='ltr'><strong>v,</strong></span> <span class='ocrx_word' id='word_1_326' title='bbox 986 4310 1049 4368; x_wconf 87' lang='grc'><strong>275</strong></span> <span class='ocrx_word' id='word_1_327' title='bbox 1072 4304 1202 4366; x_wconf 78' lang='lat' dir='ltr'><strong>Koidolo</strong></span> 
     </span>
    </p>
   </div>
   <div class='ocr_carea' id='block_1_9' title="bbox 141 4394 1074 4548">
    <p class='ocr_par' dir='ltr' id='par_1_22' title="bbox 141 4394 1074 4548">
     <span class='ocr_line' id='line_1_41' title="bbox 141 4394 1041 4477; baseline 0.003 -25"><span class='ocrx_word' id='word_1_328' title='bbox 141 4397 202 4455; x_wconf 85' lang='grc'><strong>275</strong></span> <span class='ocrx_word' id='word_1_329' title='bbox 229 4395 466 4456; x_wconf 79' lang='lat' dir='ltr'>PROPHORIB·</span> <span class='ocrx_word' id='word_1_330' title='bbox 486 4397 540 4455; x_wconf 86' lang='lat' dir='ltr'><strong>Ml</strong></span> <span class='ocrx_word' id='word_1_331' title='bbox 569 4394 861 4456; x_wconf 85' lang='lat' dir='ltr'>PROPRIORIBUS</span> <span class='ocrx_word' id='word_1_332' title='bbox 882 4398 1041 4477; x_wconf 82' lang='lat' dir='ltr'><strong>M2Pylol</strong></span> 
     </span>
     <span class='ocr_line' id='line_1_42' title="bbox 1019 4497 1074 4548; baseline 0.018 -1"><span class='ocrx_word' id='word_1_333' title='bbox 1019 4497 1074 4548; x_wconf 83' lang='grc'><strong>42*</strong></span> 
     </span>
    </p>
   </div>
   <div class='ocr_carea' id='block_1_10' title="bbox 0 0 1534 4966">
    <p class='ocr_par' dir='ltr' id='par_1_23' title="bbox 0 0 1534 4966">
     <span class='ocr_line' id='line_1_43' title="bbox 0 0 1534 4966; baseline 0 2"><span class='ocrx_word' id='word_1_334' title='bbox 0 0 1534 4966; x_wconf 95' lang='lat' dir='ltr'><strong> </strong></span> 
     </span>
    </p>
   </div>
  </div>
 </body>
</html>
