3038 4966
243 377 308 443 684
639 377 788 433 VERGILI
805 377 940 433 AENEIS
960 379 984 434 X

308 564 431 627 proque
454 542 523 607 viro
547 541 699 607 nebulam
722 547 754 606 el
776 546 890 606 ventos
914 542 1087 626 optendere
1109 543 1224 631 inanis,

309 653 345 714 iu
368 653 461 735 potes
484 649 519 713 in
542 649 677 715 tolidem
700 648 833 714 classem
857 653 1041 715 convertere
1058 649 1230 734 nymphas:

307 779 367 823 nos
391 756 513 842 aliquid
535 756 676 822 Rutulos
700 761 812 822 contra
835 758 955 822 iuvisse
977 757 1151 822 nefandum
1174 759 1246 824 est?

309 862 457 929 “Aeneas
481 865 612 950 ignarus
637 863 765 929 abesi”:
788 865 922 949 ignarus
945 869 978 930 ei
1001 865 1095 930 absit.
1355 882 1393 932 85

308 975 357 1035 esi
380 970 509 1055 Paphus
532 971 731 1056 Idaliumque
754 971 826 1058 tibi,
849 975 925 1036 suni
948 971 1014 1037 alta
1033 969 1186 1056 Cythera:

308 1077 385 1162 quid
407 1078 571 1164 gravidam
594 1079 688 1144 bellis
711 1079 824 1144 urbem
848 1085 879 1144 ei
903 1079 998 1144 corda
1021 1101 1133 1163 aspera
1156 1079 1319 1163 temptas?

307 1206 409 1249 nosne
431 1184 493 1250 bibi
516 1184 620 1275 fluxas
642 1185 803 1273 Pbrygiae
826 1208 877 1251 res
900 1191 1023 1252 verbere
1046 1187 1145 1251 fundo

308 1293 483 1357 conamur?
506 1315 576 1379 nos,
599 1315 641 1357 an
663 1294 798 1358 miseros
822 1293 878 1378 qui
902 1292 1003 1358 Thoas
1026 1290 1160 1357 Achivis

308 1399 449 1463 obiecit?
473 1422 554 1484 quae
578 1422 674 1464 causa
696 1400 768 1487 fuit,
790 1421 983 1486 consurgere
1005 1400 1040 1464 in
1063 1422 1151 1464 arma
1354 1416 1390 1465 90

306 1506 534 1590 Europamque
557 1503 734 1590 Asiamque
757 1510 790 1570 eb
813 1507 941 1572 foedera
965 1505 1088 1571 solvere
1110 1505 1223 1569 furto?

304 1635 354 1677 me
378 1612 455 1676 duce
479 1610 661 1676 Dardanius
685 1609 834 1695 Spartam
858 1612 1055 1698 expugnavit
1078 1612 1213 1698 adulter,

307 1722 362 1784 aui
386 1740 445 1806 ego
469 1717 534 1783 tela
557 1718 628 1783 dedi
650 1717 756 1783 fovive
780 1716 937 1803 Cupidine
961 1718 1066 1782 bella?

307 1828 378 1889 tum
401 1826 508 1891 decuit
530 1825 683 1890 metuisse
706 1826 787 1891 tuis:
809 1847 896 1890 nuno
918 1848 990 1890 sera
1008 1825 1160 1909 querellis

306 1931 386 1997 baut
408 1933 503 1998 iustis
528 1932 676 2019 adsurgis
699 1936 731 1998 et
755 1933 854 1998 inrita
876 1932 982 2019 iurgia
1002 1931 1123 1997 iacias?
1354 1951 1388 2000 95

327 2179 495 2217 rssrruorus.
533 2166 566 2214 89
589 2160 700 2215 Servius
715 2161 783 2217 Aen.
798 2161 837 2216 IV
856 2168 909 2216 228
927 2161 978 2216 XlI
993 2165 1045 2213 320
1099 2165 1133 2214 86
1152 2158 1312 2214 Macrobius
1327 2160 1388 2215 Sat.

238 2232 276 2286 IV
295 2238 320 2299 6,
340 2239 374 2288 24
429 2238 463 2288 86
484 2232 671 2301 ‘Idaliumque
689 2234 799 2287 nemus‘
821 2233 885 2297 (huc
904 2232 928 2286 si
946 2232 1081 2301 pertinet)
1096 2230 1208 2285 Servius
1224 2235 1291 2286 Asu.
1306 2233 1318 2285 1
1334 2237 1385 2286 681

311 2303 389 2358 ‘suut
411 2321 436 2360 e.
456 2303 588 2374 Cythera'
614 2303 726 2357 Servius
746 2304 813 2359 Aen.
832 2304 845 2357 I
865 2309 925 2358 087.
945 2308 996 2358 680
1087 2308 1120 2357 88
1131 2319 1172 2371 sq.
1193 2303 1302 2357 ‘aversa
1321 2320 1385 2357 cum

239 2374 320 2430 obelo
340 2376 416 2448 ((—)
440 2375 477 2429 ad
496 2392 530 2429 ea
548 2374 661 2444 ponitur
680 2392 753 2443 quae
777 2375 812 2428 ad
839 2374 945 2443 aliquid
969 2373 1136 2444 respiciunt,
1164 2375 1197 2427 ut
1218 2390 1304 2428 nosne
1330 2373 1387 2428 cibi

240 2445 379 2516 Phrygiae
395 2490 400 2500 .
416 2491 422 2502 .
440 2491 445 2501 .
461 2445 576 2500 Achivis
597 2446 721 2514 subegit'
745 2445 866 2500 Isidorus
886 2447 921 2501 de
939 2445 1015 2499 nohis
1035 2444 1265 2499 sententiaruml
1284 2452 1332 2513 20,
1353 2450 1386 2499 17

294 2517 406 2573 ‘aversa
425 2517 596 2572 obelismeue
615 2524 633 2583 †
652 2517 682 2571 in
696 2519 755 2572 ore’
777 2518 850 2585 (sori.
867 2517 960 2572 ‘initio
979 2517 1098 2586 eorum’)
1113 2516 1246 2598 ‘ponibuq
1261 2532 1335 2584 quas
1349 2517 1387 2570 ad

239 2588 347 2658 aliquid
370 2588 525 2658 respiciunt
548 2591 580 2642 uh
602 2605 698 2642 nosne.
719 2591 738 2644 t.
759 2588 777 2644 i.
797 2588 917 2659 frygiae‘
943 2588 1042 2657 fragm.
1066 2587 1154 2641 Paris.
1178 2587 1213 2640 de
1236 2587 1312 2641 nohis
1332 2587 1384 2641 Vll

240 2665 291 2716 688
301 2660 334 2716 Κ.
353 2660 388 2715 cf,
407 2659 478 2730 prol.
498 2665 546 2713 160
626 2664 660 2713 89
672 2677 712 2726 sq.
733 2661 780 2714 ‘an
797 2703 802 2714 .
818 2704 824 2717 .
840 2703 846 2714 .
863 2659 978 2715 obiecil’
1000 2660 1127 2713 Donatus
1146 2657 1175 2712 in
1195 2659 1256 2714 Ter.
1276 2675 1340 2714 eun.
1361 2659 1387 2713 V

168 2788 171 2793 ,
240 2737 263 2797 7,
285 2737 317 2785 18
372 2730 1190 2800 92sq.Diomedes1438K.schol.Hor.carm.115‚13
1246 2734 1279 2783 92
1298 2729 1385 2796 Quin·

239 2802 355 2857 hilianus
368 2803 407 2857 IX
426 2809 451 2872 2,
471 2808 504 2859 49
524 2801 667 2857 Charisius
686 2803 699 2855 1
718 2802 812 2856 278Κ,
836 2802 985 2858 Diomedes
1003 2802 1016 2854 l
1034 2802 1130 2857 senii.
1150 2799 1263 2855 Servius
1283 2802 1351 2856 Aen.
1374 2803 1383 2855 l

239 2880 299 2929 526.
318 2880 370 2929 060
389 2875 480 2929 Vise
554 2875 609 2927 ‘me
628 2873 655 2929 d.
678 2871 848 2928 Dardanius’
874 2874 924 2929 ult.
950 2871 1012 2941 syll.
1032 2872 1071 2926 IV
1094 2878 1145 2926 282
1156 2872 1188 2927 Κ.
1264 2873 1320 2926 ‘me
1341 2873 1381 2926 d.’

239 2945 374 3000 Sacerdos
391 2946 427 2999 VI
446 2951 498 2999 447
509 2946 541 3000 Κ.
628 2950 662 2998 94
677 2945 748 2998 ‘bum
765 2988 770 3000 .
786 2990 791 3000 .
809 2988 814 2998 .
830 2945 897 2999 tuis’
918 2943 1068 3001 cledonius
1084 2944 1108 2996 V
1128 2950 1161 2998 67
1172 2942 1205 2998 Κ.
1225 2942 1383 2998 Arusianus

239 3016 290 3069 VIl
308 3015 402 3071 499Κ.
426 3017 461 3070 de
485 3015 586 3071 schem.
610 3015 664 3070 les.
683 3032 710 3085 p.
727 3021 760 3071 66
769 3017 802 3073 Η.
894 3022 928 3072 96
954 3017 1050 3084 ‘atque
1073 3013 1160 3069 intiba
1178 3013 1196 3070 i.
1216 3012 1246 3070 i.‘
1268 3014 1384 3070 Servius

241 3088 337 3144 Aenl
358 3093 407 3141 102

326 3327 421 3368 usam
443 3328 564 3370 enarro.
608 3312 649 3370 82
674 3309 948 3390 ruhnusmylc
1037 3313 1079 3370 83
1103 3330 1156 3370 orn.
1180 3312 1387 3371 Franciunns:

238 3402 274 3472 ef.
298 3400 434 3457 Isidorus
501 3402 535 3458 tu
560 3401 760 3459 Marklandus
782 3401 822 3459 ud
843 3399 930 3459 Statii
953 3402 1015 3460 sile.
1035 3400 1081 3459 ΠΙ
1107 3403 1139 3474 2,
1163 3403 1202 3461 81
1229 3400 1281 3459 ΕΤ
1306 3401 1386 3470 libri,

237 3487 331 3546 Seruii
350 3489 463 3561 erumpi.
530 3486 702 3548 CLASSES
718 3490 769 3547 Mc
787 3493 819 3548 ul
838 3491 890 3566 36,
907 3489 1002 3549 Seruii
1015 3488 1088 3549 Aen.
1104 3489 1147 3549 IV
1163 3492 1226 3549 228
1245 3488 1304 3547 XII
1319 3492 1386 3551 320

238 3577 364 3650 erumpi,
387 3577 437 3635 scd
458 3576 583 3637 classem
602 3580 641 3637 ud
659 3578 685 3635 la
704 3579 722 3636 l.
814 3580 855 3638 84
879 3597 933 3638 nos
953 3582 1054 3638 autem
1073 3581 1183 3638 Isidori
1203 3578 1278 3638 Gud.
1300 3581 1336 3636 2·
1369 3634 1371 3638 .

238 3667 345 3724 contra
368 3665 496 3726 Rutulos
519 3668 656 3727 Isidorus
745 3667 786 3726 85
810 3667 878 3725 Non
896 3670 1046 3743 persuasit
1073 3669 1252 3740 Wuanerus‚
1278 3670 1386 3728 rectius

238 3755 377 3829 distinqui
400 3755 489 3814 absit:
518 3756 574 3815 uss
588 3802 595 3815 .
611 3800 617 3813 .
633 3800 640 3815 .
655 3753 796 3832 Cythera.
820 3754 898 3825 Quid
922 3775 944 3814 e.
968 3775 992 3830 q.
1016 3776 1038 3816 s.
1112 3759 1153 3817 86
1178 3755 1334 3815 PAPHYS
1355 3758 1386 3815 R

326 3845 367 3904 89
392 3844 485 3903 Nulla
506 3849 575 3918 posi
602 3862 656 3903 nos
683 3847 786 3918 interp.
809 3845 837 3902 P
948 3848 989 3906 90
1013 3842 1135 3922 obiecit]
1167 3845 1287 3923 subegit
1306 3837 1339 3926 (i.
1362 3865 1384 3904 c.

237 3924 380 4014 subiecit)
403 3934 514 3992 Isidori
532 3934 628 3993 Paris.
648 3938 714 3993 dasle
734 3935 786 3993 Ti.
804 3935 983 3994 Mommscno
1003 3938 1034 3994 in
1052 3936 1174 4008 Berpkii
1196 3940 1222 3992 cl
1245 3933 1386 3995 Caesaris

237 4023 342 4083 diariis
369 4042 396 4083 a.
421 4023 506 4082 1845
531 4041 563 4095 p.
587 4024 629 4082 87
755 4026 795 4083 92
811 4041 850 4095 sq.
881 4025 1038 4095 adfirmari
1064 4042 1121 4098 per
1153 4026 1292 4090 ironiam,
1324 4041 1385 4082 nou

236 4114 411 4186 interroaari
443 4112 542 4170 uolunt
569 4111 766 4185 Quintilianus
794 4112 947 4172 Charisius
974 4114 1129 4173 Diomedes
1242 4114 1283 4172 92
1314 4114 1384 4172 sueb-

236 4202 460 4266 distinctionem,
483 4200 535 4258 doc
558 4205 598 4259 esi
614 4207 757 4274 parneium
780 4203 832 4261 sub
852 4220 937 4261 uersu
957 4204 1126 4276 ponendum
1144 4203 1289 4275 praeemit
1311 4201 1384 4260 Diu

236 4291 330 4350 medes
421 4289 462 4349 93
490 4288 609 4364 fovique
636 4291 722 4348 schol.
747 4291 818 4352 Hor.
911 4293 951 4350 94
980 4290 1086 4350 ‘PVNO
1110 4292 1210 4370 ΡΗγσ,
1237 4287 1385 4349 drusiani

237 4432 292 4482 ea,
315 4414 416 4474 sonan.
441 4415 494 4473 zea.
585 4380 923 4484 conabaris-sana
947 4417 987 4473 n
