3038 4964
520 395 669 452 VERGILI
688 395 820 451 AENEIS
838 396 891 451 XII
1217 395 1280 459 827

202 560 288 645 quod
311 558 422 626 Venus
446 561 558 627 audaci
579 561 740 647 nymphae
763 561 931 647 indignata
953 560 1047 626 licere

203 669 337 734 accessit
360 669 525 753 telumque
548 669 615 734 alta
637 668 678 733 ab
701 668 806 733 radice
829 668 963 733 revellit.

204 777 261 841 olli
280 775 446 861 sublimes,
471 777 569 841 armis
593 775 771 860 animisque
794 774 915 861 resecti,

204 884 258 948 hie
280 882 388 969 gladio
412 882 523 970 fidens,
544 883 598 948 hie
620 905 692 949 aeer
715 887 748 948 et
770 882 888 947 arduus
910 882 1015 970 hasta,

137 1002 140 1007 '
206 991 368 1057 adsistunt
391 995 503 1056 contra
526 991 700 1056 certamina
723 990 838 1056 Martis
862 988 977 1055 anheli.
1234 1006 1285 1054 rso

249 1134 406 1199 Iunonem
428 1135 552 1199 interea
574 1156 630 1199 rex
654 1134 885 1218 omnipotentis
909 1132 1039 1219 Olympi

205 1243 390 1327 adloquitur
412 1242 502 1306 fulva
525 1263 650 1327 pugnas
673 1242 712 1306 de
733 1241 819 1306 nube
842 1229 1006 1307 tuentem:¹

206 1352 298 1434 ‘quae
322 1350 386 1414 iam
410 1349 484 1413 finis
508 1349 580 1434 erit,
602 1349 763 1414 coniunx?
788 1348 865 1433 quid
888 1349 1024 1433 denique
1047 1349 1169 1413 restat?

205 1457 384 1543 Indigetem
407 1457 540 1522 Aenean
563 1457 625 1521 seis
649 1456 720 1540 ipsa
743 1460 775 1520 et
799 1456 881 1521 seire
902 1455 1015 1519 fateris

207 1566 315 1630 deberi
338 1564 424 1630 eaelo
447 1564 587 1649 fatisque
611 1564 651 1629 ad
674 1563 778 1628 sidera
800 1562 881 1628 tolli.
988 1574 990 1579 ’
1236 1578 1286 1627 795

209 1672 286 1757 quid
309 1672 431 1737 struis?
455 1675 511 1737 aut
536 1694 599 1756 qua
622 1694 679 1755 spe
702 1671 816 1757 gelidis
840 1671 875 1734 in
897 1668 1040 1735 nubibus
1062 1668 1197 1734 haeres?

207 1781 361 1845 mortalin
384 1781 490 1845 decuit
512 1779 627 1844 violari
650 1778 781 1842 volnere
804 1777 922 1863 divom,

209 1892 264 1952 aut
288 1910 397 1952 ensem
420 1885 513 1972 (quid
537 1886 622 1949 enim
646 1886 715 1950 sine
737 1889 770 1948 te
793 1883 929 1949 Iuturna
951 1882 1110 1971 valeret?)

209 1998 355 2077 ereptum
377 1992 466 2057 reddi
490 1991 599 2056 Turno
623 1994 655 2055 et
678 1991 744 2054 vim
767 2011 906 2054 creseere
929 1991 1047 2056 vietis?

210 2101 318 2165 desine
340 2101 405 2165 iam
428 2099 557 2164 tandem
580 2098 791 2182 precibusque
814 2097 976 2162 inflectere
999 2097 1134 2162 nostris:
1239 2116 1293 2164 800

210 2211 343 2272 rentum
365 2207 404 2271 ad
428 2228 613 2290 supremum
637 2208 694 2269 est.
737 2204 832 2268 terris
856 2204 979 2290 agitare
1002 2204 1053 2269 vel
1076 2204 1169 2268 undis
1238 2222 1290 2272 803

210 2314 367 2380 Troianos
390 2313 539 2401 potuisti,
561 2312 728 2378 infandum
747 2311 916 2378 ascendere
934 2310 1065 2397 bellum,

210 2423 387 2488 deformare
412 2421 542 2486 domum
565 2425 597 2486 et
620 2420 711 2486 luctu
734 2420 867 2485 miseere
889 2419 1097 2504 hymenaeos:
1240 2435 1293 2486 805

212 2530 347 2595 ulterius
371 2534 529 2614 temptare
552 2530 647 2593 veto?
694 2529 739 2593 sio
761 2526 909 2611 Iuppiter
932 2548 1039 2611 orsus3

212 2638 258 2702 sie
281 2636 339 2702 dea
363 2637 535 2702 summisso
560 2639 672 2700 eontra
696 2633 848 2700 Saturnia
870 2633 975 2699 voltu:

212 2746 288 2809 ‘ista
308 2744 437 2828 quidem
461 2744 536 2828 quia
559 2747 638 2807 nota
660 2742 740 2807 mihi
764 2746 830 2829 tua,
852 2762 978 2828 magne,
999 2741 1161 2828 voluntas,

212 2850 368 2937 Iuppiter,
391 2855 422 2916 et
446 2849 591 2914 Turnum
614 2853 646 2914 et
670 2853 772 2915 terras
795 2849 898 2914 invita
921 2847 1051 2933 reliqui3

235 3027 403 3066 rnsmouu.
437 3015 487 3064 787
509 3008 556 3063 ‘de
575 3008 661 3078 stirpe
680 3007 802 3063 revellit’
820 3006 970 3062 Diomedes
986 3008 996 3060 l
1012 3007 1107 3062 87217.
1162 3014 1213 3064 789
1234 3009 1294 3064 Ser-

146 3080 208 3136 vius
227 3080 296 3134 Aen.
318 3080 370 3134 XII
389 3084 440 3134 747
531 3085 582 3134 792
604 3080 694 3136 ‘fulva
714 3123 719 3136 .
740 3123 747 3136 .
768 3125 773 3135 .
793 3079 931 3134 tuentem’
952 3078 1106 3149 Agroeeius
1127 3080 1293 3136 91112811.

147 3152 224 3207 Beda
244 3152 278 3207 de
298 3151 421 3221 orthogr.
436 3151 487 3206 Vll
502 3158 553 3206 272
566 3151 598 3206 Κ.
618 3151 731 3206 Servius
750 3151 952 3206 8871817810
1056 3157 1108 3206 794
1128 3151 1295 3222 ‘indigetem

148 3224 286 3293 ...ipsa'
312 3240 411 3279 comm.
431 3223 512 3278 Bern.
531 3222 637 3277 Lucani
656 3223 669 3277 Ι
688 3228 739 3278 556
750 3222 783 3278 U.
876 3227 927 3276 797
952 3221 1064 3277 Servius
1088 3223 1156 3278 Aen.
1172 3224 1223 3278 XII
1243 3229 1295 3279 920

150 3294 262 3349 ‘vulnus
281 3295 412 3350 mortale’
434 3294 545 3349 Servius
560 3295 628 3350 Aen.
646 3296 668 3348 X
684 3300 718 3349 30
809 3299 862 3346 800
881 3293 993 3349 Servius
1017 3295 1086 3350 Aen.
1101 3294 1153 3348 XII
1173 3300 1224 3349 798

148 3373 200 3421 809
222 3368 347 3421 ‘ventum
364 3410 370 3422 .
387 3409 392 3420 .
409 3408 414 3420 .
430 3367 484 3420 est’
506 3366 619 3420 Servius
643 3367 712 3420 Aen.
728 3365 779 3419 XII
794 3370 846 3419 808
936 3370 988 3420 806
1009 3365 1061 3420 ‘sie
1079 3366 1100 3422 I.
1120 3367 1156 3421 o.’
1183 3366 1295 3422 Servius

71 3464 76 3475 ·
148 3438 310 3493 9881928
330 3437 385 3491 ΙΙ2
476 3441 580 3505 808877.
609 3436 678 3490 ‘ista
697 3480 702 3492 .
724 3480 729 3491 .
751 3481 756 3493 .
776 3437 913 3506 luppiter'
938 3436 1064 3492 Donatus
1088 3439 1124 3492 ad
1148 3437 1208 3493 Ter.
1233 3456 1294 3493 eun.

149 3511 212 3580 113,
229 3515 261 3563 73
335 3514 387 3563 808
407 3508 637 3564 ‘ista...mihi’
659 3508 709 3566 ult.
730 3508 792 3577 syll.
807 3508 845 3564 lv
865 3513 916 3564 281
928 3507 961 3564 Κ.

196 3680 330 3785 ISvsrua
349 3678 471 3721 anemo.
519 3663 581 3721 787
602 3661 637 3720 de
657 3661 751 3737 stirpe
771 3660 891 3720 revellit
904 3660 1058 3721 Diomedes
1126 3664 1189 3723 788
1210 3663 1295 3723 ANI-

148 3804 237 3863 uvn
256 3803 284 3862 r>
303 3762 429 3864 animia
452 3803 559 3862 animis
582 3803 701 3864 servius
723 3805 875 3875 confimat
970 3805 1034 3863 790
1058 3803 1295 3863 oneramur

148 3893 249 3970 MPye
271 3894 432 3953 certamine
452 3894 487 3971 οχ
510 3887 688 3953 ‘certamina
706 3941 712 3952 .
733 3939 739 3952 .
760 3941 765 3953 .
785 3894 838 3952 alii
861 3892 1024 3952 certamine
1047 3888 1155 3969 troanl'
1177 3893 1297 3954 Servius

148 3983 187 4042 ad
210 3983 372 4044 certamina
393 3982 576 4042 Srtentrtr'us
667 3985 730 4043 794
753 3981 969 4042 INDIGITEM
987 3983 1028 4040 M
1092 4001 1252 4063 aeneamy

150 4111 212 4168 ror
228 4105 614 4178 raris-ennaoovna
669 4109 731 4166 797
747 4077 914 4187 nortor¹²7
977 4106 1297 4187 VVLNEREMPyoc

215 4194 343 4256 DIVOM
354 4193 394 4276 (Ο
408 4215 481 4257 corr.
495 4190 577 4277 0771)
587 4197 615 4254 P
625 4195 755 4255 DIUUM
765 4196 858 4274 111γο8
927 4199 988 4257 799
1004 4197 1117 4255 uiotob
1184 4198 1244 4256 801
1254 4216 1294 4269 sq.

144 4292 212 4364 post
233 4306 259 4346 v.
275 4288 339 4346 832
364 4289 531 4361 truaqaosui
608 4288 669 4346 807
699 4281 887 4409 ΨΟΒΤζὫ
906 4304 979 4346 corr.
1002 4287 1035 4345 in
1053 4277 1139 4366 V)P
1158 4285 1294 4345 UULTU

146 4430 235 4510 Mylae
304 4433 367 4491 808
391 4448 502 4508 magna
520 4434 554 4490 81
633 4432 695 4490 809
720 4429 904 4500 RELIQVIO
922 4430 951 4488 P
969 4432 1000 4487 ut
1022 4430 1085 4488 818
1110 4429 1240 4506 relinqui
1260 4434 1293 4489 81
