3046 4972
227 363 291 433 308
630 362 777 425 runem
796 360 927 424 sunnis
946 363 972 424 11

293 534 428 617 respicio
453 538 500 620 et,
522 556 603 617 quae
627 535 671 598 sit
694 557 744 598 me
767 535 887 599 circum
911 535 1016 620 copia,
1038 534 1157 599 lustro:

293 640 460 706 deseruere
483 662 592 704 omnes
616 640 733 706 defessi
756 646 789 705 et
812 663 947 725 corpora
970 641 1055 706 saltu
1319 659 1371 708 565

294 747 333 810 ad
356 751 475 813 terram
498 749 614 813 misere
638 753 695 814 aut
717 748 848 833 ignibus
872 768 968 833 aegra
991 747 1111 811 dedere.

639 855 658 896 *
943 854 962 896 *

791 899 810 941 *

338 961 483 1046 [Iamque
507 961 585 1027 adeo
609 984 705 1046 super
728 984 811 1026 unus
836 985 935 1047 eram,
958 984 1030 1027 cum
1054 962 1166 1026 limina
1189 960 1308 1026 Vestae

295 1073 474 1134 servantem
498 1073 530 1134 et
554 1069 685 1134 tacitam
709 1073 831 1135 secreta
853 1070 888 1134 in
911 1069 984 1135 sede
1006 1070 1160 1134 latentem

293 1175 475 1260 Tyndarida
497 1177 633 1261 aspici03
656 1176 733 1241 dant
756 1176 873 1241 claram
897 1176 1043 1241 Incendia
1065 1177 1169 1241 lucem

291 1284 411 1348 erranti
433 1284 617 1368 passimque
641 1284 750 1349 oculos
773 1308 830 1369 per
853 1289 968 1349 cuncta
991 1284 1114 1349 fcrenti.
1317 1300 1369 1349 575

291 1390 347 1454 illa
370 1390 433 1454 sibi
456 1391 592 1456 infestos
615 1414 726 1456 eversa
749 1391 790 1455 ob
814 1391 970 1476 Pergama
992 1391 1132 1455 Teucros
1335 1370 1340 1380 b

291 1501 324 1561 et
346 1496 494 1562 Danaum
517 1521 653 1583 poenam
676 1503 708 1564 et
732 1498 850 1563 deserti
873 1499 1019 1584 coniugis
1043 1499 1108 1563 iras

291 1608 527 1691 praemetuens,
550 1604 665 1670 Troiae
688 1610 720 1670 et
742 1606 867 1688 patriae
890 1606 1068 1670 communis
1093 1607 1217 1692 erinys‚

291 1711 456 1775 abdiderat
480 1733 549 1775 sese
572 1716 669 1797 atque
692 1712 756 1776 aris
780 1713 885 1777 invisa
909 1712 1047 1777 sedebat.

291 1840 436 1884 exarsere
459 1819 550 1904 ignes
573 1820 694 1904 unim03
718 1820 807 1884 subit
830 1820 878 1884 ira
901 1821 1065 1885 cadentem
1315 1835 1367 1885 575

290 1926 402 1990 ulcisci
424 1926 562 2010 patriam
586 1930 618 1991 et
642 1928 811 1991 sceleratas
836 1948 962 1992 sumere
984 1949 1112 2012 poenas.

290 2033 425 2098 ‘scilicet
447 2033 525 2098 haec
548 2031 697 2118 Spartam
720 2034 890 2099 incolumis
914 2034 1099 2118 patriasque
1123 2033 1275 2118 Mycenas

289 2140 423 2223 aspiciet
445 2145 602 2225 partoque
626 2141 688 2205 ibit
711 2142 823 2228 regina
845 2140 1025 2226 triumpho,

310 2406 477 2441 marmoren.
515 2393 567 2442 564
586 2388 672 2443 schol.
692 2388 756 2444 Hor.
777 2389 885 2444 sarml
905 2395 929 2458 1,
944 2393 977 2443 67
998 2389 1041 2443 ‘et
1064 2429 1070 2440 .
1094 2431 1099 2442 .
1125 2431 1131 2443 .
1156 2387 1258 2443 lustro'
1280 2389 1363 2444 Probi

222 2475 287 2529 app.
306 2459 341 2512 lv
361 2465 412 2513 196
425 2459 455 2513 Κ.

310 2719 405 2761 varus
428 2718 549 2759 ascaro.
596 2703 659 2761 564
684 2705 715 2760 et
737 2719 790 2760 om.
809 2721 839 2759 m
906 2700 1017 2759 circum
1040 2720 1088 2760 ma
1112 2703 1257 2775 appendia
1275 2703 1364 2762 Probi

267 2793 441 2851 567-588
466 2809 519 2850 om.
543 2791 707 2869 MPyabcm
734 2808 799 2848 cam
830 2793 929 2849 ceteris
955 2790 1167 2867 Berncnsibas,
1190 2803 1229 2865 ψι
1262 2792 1366 2850 babent

221 2880 433 2947 Doraiiiiorrus,
458 2880 585 2939 67565555·
608 2881 664 2939 duo
687 2897 752 2938 arm
769 2882 877 2954 paucis
900 2880 968 2938 oiiis
996 2881 1076 2952 apud
1098 2880 1246 2953 Hryrriurn
1268 2898 1364 2939 recen-

222 2972 346 3028 tissimis.
380 2962 460 3028 ‘Posi
482 2970 557 3027 banc
578 2986 694 3028 versum
716 2962 810 3046 (566)
834 2969 864 3028 bi
886 2986 987 3027 vasus
1005 2970 1132 3040 fumat,
1155 2971 1205 3041 qai
1228 2988 1247 3027 o
1269 2971 1365 3029 Tucca

221 3063 248 3116 et
267 3058 355 3117 Vario
378 3059 458 3117 obliti
480 3063 561 3117 surit-
583 3058 702 3134 iamque
722 3057 795 3116 adeo
811 3104 817 3117 .
833 3105 840 3119 .
855 3105 861 3117 .
876 3060 976 3116 mente
995 3051 1124 3116 ferebar’
1148 3057 1266 3116 Servius
1284 3059 1364 3117 Dan.

222 3140 265 3205 ‘in
287 3148 409 3206 secando
436 3148 486 3206 tos
508 3166 608 3206 versia
635 3151 744 3206 conatui
772 3164 831 3206 esse
858 3148 1014 3205 detractos:
1046 3151 1100 3205 aut
1122 3146 1243 3222 ignibus
1267 3137 1363 3225 (566)

222 3254 354 3296 ...cum
378 3236 451 3293 mihi
476 3255 506 3294 se
529 3256 589 3295 non
608 3239 678 3295 ante
701 3228 789 3295 alias'
809 3228 903 3317 (589)
929 3234 1049 3294 Servius
1072 3238 1104 3294 in
1121 3237 1189 3294 rita.
1228 3228 1271 3293 ‘ut
1288 3239 1364 3294 enim

220 3328 252 3382 iri
269 3328 368 3398 primo
391 3326 526 3390 dicimus,
550 3327 662 3398 aliquos
685 3316 842 3406 (57555562)
866 3325 932 3384 binc
952 3342 1054 3383 555555
1077 3328 1188 3383 constat
1215 3340 1274 3382 esse
1295 3326 1363 3382 arb·

221 3415 302 3481 laios,
325 3432 377 3472 nec
398 3415 538 3471 inmerito,
579 3433 648 3472 nam
667 3418 693 3472 ei
715 3419 798 3488 turpe
821 3418 861 3472 esi
883 3457 891 3472 .
914 3457 922 3472 .
947 3460 952 3471 .
977 3418 1001 3471 ei
1024 3415 1201 3472 contrarium
1224 3454 1232 3469 .
1255 3454 1263 3470 .
1287 3457 1293 3468 .
1317 3413 1362 3470 ilii

220 3505 359 3575 reiquae
385 3505 418 3561 ia
440 3507 516 3560 serio
540 3495 634 3579 (495)
659 3505 763 3563 dicitur
787 3552 792 3562 .
818 3550 824 3563 .
849 3552 855 3562 .
878 3504 1062 3562 hircaniam
1090 3519 1191 3560 555555
1213 3517 1273 3558 csse
1295 3503 1362 3559 sub·

220 3593 294 3649 latos
319 3591 438 3650 Veneris
469 3592 556 3650 verba
588 3593 738 3651 declararit
766 3584 894 3652 dicentis'
927 3584 1022 3672 (601)
1047 3609 1068 3651 e.
1087 3609 1112 3664 q.
1131 3608 1155 3650 s.
1178 3588 1297 3649 Servius
1325 3589 1365 3650 ad

220 3699 245 3739 5.
267 3682 340 3740 592.
378 3679 467 3739 Uaria
488 3682 594 3740 inclusi
611 3699 720 3750 555555,
743 3684 792 3754 qai
815 3685 841 3739 et
864 3683 964 3740 desim
988 3684 1019 3740 in
1037 3681 1151 3754 optimis
1169 3680 1252 3738 libris
1274 3697 1363 3739 neco

221 3787 362 3842 quoquam
383 3774 503 3844 praeter
529 3769 663 3829 Serrium
689 3775 954 3829 commonerentur.
1000 3771 1233 3846 Dispatoverarit
1256 3770 1290 3828 de
1311 3770 1363 3828 hoc

220 3860 279 3917 ioco
299 3857 420 3933 cappe
441 3861 473 3918 in
492 3877 523 3918 co
545 3861 628 3927 libro,
651 3862 700 3932 qui
718 3859 819 3918 Minos
841 3860 1017 3925 inscribitur,
1040 3878 1072 3934 p.
1094 3861 1133 3917 17
1139 3860 1227 3932 3555.
1247 3863 1273 3917 et
1295 3859 1364 3918 aliis

215 3949 389 4020 prudentias
418 3948 509 4007 77585.
555 3948 731 4021 Napcrrimc
759 3965 823 4006 cam
850 3948 975 4022 Vcrpiiio
1003 3949 1151 4008 vindicare
1178 3952 1297 4007 5555755
1325 3953 1363 4007 cst

219 4037 321 4096 Noocir
342 4057 416 4097 mas.
439 4038 531 4095 Rhea.
550 4035 679 4095 XLVIII
698 4038 831 4109 420sqq.
851 4039 887 4110 cf.
905 4038 982 4110 prol.
1003 4039 1113 4110 92555.
1181 4038 1245 4097 568
1270 4038 1361 4096 sacre·

220 4131 282 4184 tam
310 4118 354 4208 (m
378 4119 446 4204 del.)
475 4127 568 4184 Servii
596 4124 678 4184 Coss.
792 4127 855 4186 569
881 4126 992 4185 claram
1019 4128 1091 4185 coni.
1113 4128 1191 4200 prol.
1211 4128 1252 4186 93
1283 4126 1364 4184 clara

221 4214 317 4274 Crisa:
340 4218 377 4289 cf.
400 4235 425 4275 a.
446 4217 518 4274 590.
541 4217 602 4273 605
695 4216 757 4273 572
782 4234 910 4290 poenam
931 4214 1025 4274 Servii
1043 4215 1126 4274 Mors.
1150 4233 1261 4290 poenas
1280 4213 1363 4273 Coss.

287 4307 350 4365 573
371 4308 561 4379 permetuens
576 4303 665 4360 Bora.
752 4306 814 4363 576
835 4310 866 4363 et
884 4305 1047 4364 sceleratae
1069 4305 1201 4364 Valesius
1219 4323 1255 4363 ex
1273 4305 1363 4363 55515-

219 4395 286 4451 rata
309 4394 525 4453 Heidimonrras
616 4395 679 4451 578
703 4397 830 4469 regnata
853 4393 935 4453 Cass,
