3052 4972
519 378 670 435 VERGILI
688 380 821 435 AENEIS
840 380 879 435 VI

191 544 396 628 Cocytusque
420 544 493 608 sinu
516 543 627 609 labens
651 544 860 609 circumvenit
882 548 962 609 atro.

89 720 99 736 ‚
192 651 278 735 quod
301 651 329 716 si
354 655 465 715 tantus
489 674 579 716 amor
601 652 712 739 menti,
735 652 763 715 si
786 655 878 716 tanta
900 651 1015 736 cupido

189 758 240 823 bis
266 756 399 843 Stygios
422 758 533 823 innare
557 758 656 846 lacus,
677 758 729 822 bis
752 759 846 844 nigra
868 758 975 822 videre

190 865 335 953 Tartara,
358 870 391 930 et
413 865 527 930 insano
552 865 642 930 iuvat
664 865 831 952 indulgere
854 865 969 951 labori,
1220 884 1272 933 136

191 972 298 1057 accipe
321 995 402 1058 quae
426 973 606 1058 peragenda
629 973 726 1056 prins.
773 973 854 1037 latet
877 973 991 1037 arbore
1015 994 1113 1056 opaca

191 1102 305 1144 aureus
328 1085 361 1144 et
383 1080 471 1144 foliis
494 1084 527 1144 et
549 1080 637 1145 lento
662 1081 781 1145 vimine
804 1103 921 1166 ramus,

189 1187 305 1252 Iunoni
329 1187 472 1251 infernae
495 1187 599 1251 dictus
624 1209 724 1274 sacen
747 1186 833 1251 huno
855 1188 938 1272 tegit
962 1187 1066 1251 onmis

190 1294 281 1359 lucus
305 1297 337 1359 et
361 1294 506 1358 obscuris
530 1293 682 1358 claudunt
705 1293 906 1359 convallibus
930 1294 1069 1358 umbrae.

192 1406 240 1466 set
263 1423 331 1466 non
353 1405 428 1466 ante
451 1402 546 1466 datur
569 1401 695 1466 telluris
720 1406 833 1486 operta
856 1401 975 1486 subire,
1222 1418 1272 1466 140

191 1509 372 1574 auricomos
395 1532 492 1594 quam
515 1510 572 1594 qui
595 1510 788 1594 decerpserit
811 1510 927 1573 arbore
950 1509 1045 1573 fetus.

191 1614 267 1704 (hoo
290 1616 352 1680 sibi
376 1616 510 1700 pulchra
533 1639 628 1682 suum
650 1617 728 1680 ferri
750 1615 945 1701 Proserpina
968 1638 1085 1680 munus

191 1724 349 1788 instituit:
373 1724 476 1807 primo
501 1724 611 1789 avolso
634 1746 702 1789 non
724 1724 831 1788 deficit
853 1724 935 1788 alter

192 1854 317 1925 aureus,
340 1835 372 1895 et
396 1832 493 1895 simili
517 1831 692 1896 frondescit
715 1831 807 1917 virga
829 1829 985 1919 metallo.)

192 1959 268 2022 ergo
292 1938 357 2002 alte
380 1938 505 2023 vestiga
529 1937 629 2001 oculis
653 1942 686 2000 et
709 1937 771 2001 rite
793 1942 957 2021 repertum
1224 1953 1274 2001 145

193 2067 286 2129 carpe
309 2067 415 2109 manu.
459 2067 598 2128 namque
621 2044 690 2127 ipse
713 2044 824 2108 volens
848 2045 1015 2129 facilisque
1040 2047 1201 2128 sequetur,

192 2153 220 2216 si
243 2157 276 2216 te
299 2154 367 2216 fata
390 2156 518 2216 vocant:
543 2151 637 2216 aliter
659 2173 726 2215 non
749 2152 873 2216 viribus
896 2151 973 2215 ullis

192 2260 318 2325 vincere
342 2282 399 2323 nec
423 2259 503 2323 duro
526 2259 648 2342 poteris
673 2258 850 2323 convellere
873 2258 968 2322 ferro.

193 2370 357 2451 praeterea
379 2367 461 2430 iacet
484 2366 668 2429 exanimim1
691 2365 753 2428 tibi
776 2387 892 2449 corpus
917 2365 1011 2429 amici

214 2595 381 2633 rssnmorus.
420 2581 471 2630 132
498 2575 583 2630 schol.
603 2574 670 2632 Hor.
690 2592 774 2631 carm.
794 2576 819 2629 11
840 2581 881 2644 14,
901 2581 935 2630 28
1010 2580 1061 2628 134
1081 2574 1136 2628 ‘bis
1156 2574 1183 2629 S.
1203 2573 1221 2628 i.
1240 2574 1273 2629 l.’

126 2648 280 2704 Arusianus
298 2649 346 2703 vn
360 2653 411 2703 478
419 2648 450 2703 K.
525 2653 576 2701 138
596 2646 727 2702 ‘iunoni
744 2691 749 2702 .
765 2691 772 2703 .
787 2649 878 2701 sacer’
895 2646 1002 2700 Nonius
1017 2652 1078 2715 280,
1095 2651 1129 2698 14
1147 2645 1274 2700 Donatus

124 2720 188 2776 Ter.
205 2722 291 2776 Andr.
311 2720 412 2789 11,15
432 2719 546 2774 Servius
565 2719 785 2774 Aen.113.734
804 2719 907 2773 111437
927 2717 966 2772 IV
981 2724 1033 2772 638
1114 2723 1164 2771 141
1187 2717 1276 2773 ‘auri-

125 2792 199 2847 comi
220 2793 303 2846 rami’
324 2791 483 2846 Macrobius
508 2791 565 2845 Sat.
582 2790 607 2844 V
627 2797 669 2860 14,
688 2795 704 2844 8
779 2797 828 2844 142
850 2790 916 2843 ‘hoc
940 2807 961 2844 s.
981 2809 1008 2859 p.
1028 2790 1119 2843 suum’
1140 2788 1191 2844 ult.
1211 2788 1274 2857 syll.

125 2863 240 2917 Ivaas
257 2862 288 2919 K.
380 2867 431 2916 142
446 2880 486 2930 sq.
512 2862 581 2915 ‘hoc
605 2903 611 2915 .
636 2904 642 2915 .
668 2904 673 2915 .
698 2861 838 2916 instituit'
863 2860 974 2915 Servius
999 2861 1068 2915 Aen.
1087 2860 1126 2913 VI
1151 2866 1202 2915 629

128 2939 179 2988 143
202 2933 304 3004 ‘primo
329 2976 335 2989 .
357 2977 362 2988 .
383 2977 388 2988 .
414 2933 496 2987 alter’
518 2932 673 2987 Arusianus
692 2932 743 2987 VII
762 2934 857 2987 46611.
932 2937 984 2985 144
1005 2934 1046 2986 ‘et
1065 2974 1071 2986 .
1092 2976 1098 2986 .
1118 2976 1124 2988 .
1144 2931 1271 2986 metallo‘

126 3012 217 3075 Aspar
231 3013 291 3076 115,
306 3005 361 3061 311.
417 3004 516 3059 ‘simili
532 3048 537 3059 .
554 3048 560 3059 .
576 3048 582 3059 .
597 3003 724 3058 mctallo’
742 3002 900 3058 Macrobius
917 3003 974 3057 Sat.
990 3002 1030 3056 VI
1044 3010 1069 3072 6,
1084 3008 1100 3055 8
1174 3009 1225 3059 146
1233 3022 1274 3072 sq.

128 3079 274 3144 ‘sequetur
359 3121 364 3131 .
387 3077 500 3130 vocant'
522 3075 634 3130 Servius
657 3075 726 3132 Aen.
746 3076 784 3129 VI
808 3080 860 3129 499
934 3080 983 3128 147
1008 3075 1043 3129 of.
1064 3073 1151 3129 schol.
1173 3077 1273 3130 Veron.

127 3154 171 3217 86,
187 3155 220 3202 29
230 3149 263 3202 Κ.
283 3150 320 3203 ‘si
338 3192 345 3203 .
365 3191 371 3202 .
392 3192 397 3204 .
417 3148 531 3204 vocant’
552 3146 702 3202 Diomedes
717 3147 729 3200 I
744 3146 839 3202 39311.
913 3151 964 3201 149
975 3163 1016 3215 sq.
1035 3145 1144 3201 Nonius
1163 3151 1224 3214 461,
1239 3153 1274 3200 24

200 3225 251 3274 149
270 3220 361 3289 Asper
380 3225 440 3289 113,
458 3219 517 3275 4Κ.

217 3424 311 3466 vsam
329 3423 450 3465 suerro.
489 3408 551 3466 132
571 3404 748 3465 OOCYTOS
763 3407 804 3465 M
818 3405 924 3483 Cocyti
941 3406 1025 3466 schol.
1039 3407 1113 3465 Hor.
1127 3406 1207 3466 Med.

127 3496 261 3556 lambens
280 3517 303 3555 π
395 3498 456 3556 133
482 3498 518 3569 cf.
536 3495 567 3554 Π
588 3498 629 3556 10
697 3493 803 3573 QUOT
822 3497 879 3554 Ml
905 3495 991 3566 Quod
1014 3488 1068 3575 (od
1090 3498 1123 3555 in
1145 3513 1214 3562 raa,
1243 3497 1275 3554 in

126 3604 183 3659 my.
207 3584 241 3644 ai
264 3577 319 3666 qd)
338 3608 356 3665 y
383 3579 456 3662 quid
475 3584 563 3645 coss.
586 3602 639 3644 sco.
663 3585 735 3660 quin
758 3585 899 3645 Heinsius
927 3585 979 3644 sed
1001 3585 1208 3659 Peerlkampus

127 3674 303 3733 MENTI-S
322 3675 350 3733 P
414 3694 505 3748 amor,
527 3674 620 3733 monti
644 3674 670 3732 si
688 3674 896 3748 Peerlkampus
918 3693 983 3733 orm
1001 3676 1084 3734 libris
1101 3675 1274 3748 quibasdam

196 3815 343 3878 cvprno
362 3817 391 3875 P
411 3793 633 3877 cupmoisi
652 3817 692 3875 M
708 3814 930 3940 cvriacum
949 3818 1030 3898 aya
1122 3818 1184 3876 134
1204 3760 1274 3874 ud-

32 3945 40 3956 ’
128 3958 202 4018 OVS
222 3961 250 4019 P
270 3960 356 4020 locui
370 3963 407 4040 71
433 3961 532 4020 lucios
548 3964 581 4019 cl
607 3929 712 4020 laadi
726 3963 761 4019 c2
831 3960 977 4038 &nigrati
1070 3960 1131 4018 139
1154 3957 1273 4017 PLAv-

128 4048 241 4107 DVNT
268 4050 299 4107 R
394 4052 454 4108 141
489 4047 581 4120 QVIS
609 4049 716 4127 Plbybo
807 4046 1208 4126 1434111801111710

128 4137 301 4196 DEFEOIT
324 4138 383 4196 Pol
478 4140 541 4196 144
569 4155 679 4197 aureus
706 4139 843 4212 bosam
864 4139 977 4198 videtur
999 4138 1154 4212 Wayacro.
1182 4153 1274 4195 aurea

128 4226 182 4286 scd
210 4245 231 4286 s.
255 4224 385 4286 Kbutek
450 4245 553 4286 ramus
580 4229 612 4286 et
639 4245 655 4285 o
683 4226 774 4285 simili
795 4228 1004 4301 Peerltampas
1071 4224 1219 4285 SIMILIS
1237 4224 1276 4282 M

184 4318 247 4376 146
262 4316 381 4391 iamque
392 4316 532 4376 Loewner
542 4334 637 4391 cyma.
648 4316 746 4376 Berol.
757 4317 817 4392 eph.
830 4318 914 4376 1886
925 4335 956 4391 p.
969 4319 1032 4376 216
1091 4314 1173 4374 facili
1183 4316 1216 4373 cl

130 4407 193 4465 147
218 4402 290 4481 non]
314 4381 443 4465 unda
