3052 4972
526 385 676 441 vnuomr
696 384 827 440 sunnis
846 386 883 440 77
1203 385 1264 450 521
1312 429 1313 432 7

192 557 225 616 et
248 550 354 636 Capys
378 556 411 615 et
435 549 588 615 Numitor
611 554 644 614 et
667 550 722 634 qui
746 553 777 614 te
799 550 929 614 nomine
953 550 1064 616 reddet

192 659 312 724 Silvius
335 658 471 743 Aeneas,
494 659 614 742 pariter
638 658 757 742 pietate
780 658 831 722 vel
854 658 952 721 armis

193 768 352 852 egregius,
374 767 403 830 si
425 788 580 850 umquam
602 765 798 850 regnandam
821 765 978 849 acceperit
1000 763 1126 830 Albam.

194 875 250 959 qui
273 875 417 939 iuvenes!
442 877 579 958 quantas
603 876 777 958 ostentant,
800 873 915 958 aspice,
937 872 1036 938 viresl

194 986 290 1065 atque
314 981 463 1046 umbrata
485 985 603 1066 gerunt
626 979 713 1045 civili
737 984 882 1064 tempora
905 1001 1031 1064 quercu.

193 1089 228 1153 bi
252 1087 313 1153 tibi
335 1087 535 1153 Nomentum
557 1091 590 1152 et
613 1086 734 1153 Gabios
758 1087 935 1172 urbemque
954 1086 1116 1172 Fidenam,

193 1196 229 1259 hi
252 1193 429 1261 Collatinas
453 1196 621 1279 imponent
643 1194 809 1268 montibus
833 1217 930 1281 arces,

194 1304 356 1369 Pometios
380 1301 594 1387 Castrumque
616 1302 690 1367 Inui
713 1301 890 1387 Bolamque
914 1300 1101 1387 Coramque.
1220 1318 1271 1367 777

194 1411 272 1476 haec
290 1416 360 1476 tum
377 1411 509 1475 nomina
528 1414 632 1495 erunt,
654 1432 739 1474 nunc
758 1415 834 1474 sunt
853 1410 922 1474 sine
939 1410 1069 1475 nomine
1092 1414 1205 1475 terrae.

197 1519 275 1603 quin
298 1522 331 1583 et
354 1539 413 1582 avo
437 1517 587 1582 comitem
610 1539 680 1582 sese
703 1516 882 1582 Mavortius
906 1515 1000 1581 addet

195 1625 364 1712 Romulus,
386 1624 537 1689 Assaraci
561 1646 656 1708 quem
679 1624 847 1710 sanguinis
869 1623 931 1688 Ilia
953 1628 1055 1687 mater

195 1733 315 1798 educet.
361 1732 458 1797 viden
479 1735 517 1796 ut
539 1732 685 1817 geminae
709 1736 797 1796 stant
820 1731 939 1796 vertice
958 1731 1072 1795 cristae

195 1845 228 1905 et
250 1844 341 1924 pater
364 1839 434 1923 ipse
457 1860 516 1903 suo
541 1860 693 1922 superum
716 1838 780 1902 iam
804 1839 912 1924 signat
933 1837 1077 1902 honore?
1221 1854 1272 1903 787

195 1970 236 2012 en
257 1946 363 2032 huius,
385 1951 469 2033 nate,
493 1945 643 2030 auspiciis
666 1944 723 2009 illa
745 1945 867 2010 incluta
890 1944 993 2009 Roma

197 2055 368 2138 imperium
391 2053 496 2139 terris,
519 2053 643 2117 animos
668 2052 819 2136 aequabit
842 2052 979 2137 Olympo

196 2165 382 2246 septemque
406 2183 471 2226 una
494 2159 558 2224 sibi
580 2183 673 2224 muro
696 2159 907 2224 circumdabit
931 2181 1028 2246 arces,

194 2269 272 2333 felix
296 2269 386 2352 prole
408 2268 526 2333 virum:
550 2266 656 2351 qualis
679 2265 870 2351 Berecyntia
892 2271 995 2332 mater

198 2362 362 2439 invehitur
385 2397 480 2439 curru
503 2373 662 2459 Phrygias
686 2375 804 2439 turrita
826 2395 884 2457 per
907 2374 1013 2462 urbes,
1223 2392 1273 2440 786

217 2603 385 2640 7777777777.
424 2589 474 2638 771
493 2583 653 2640 Priscianus
675 2589 742 2640 1669
753 2584 782 2640 P.
856 2589 908 2639 779
924 2584 964 2637 ‘hi
976 2627 999 2640 ..
1012 2584 1144 2639 ‚Gabios’
1162 2583 1274 2638 Servius

129 2659 198 2713 Aen.
217 2656 269 2710 VII
289 2663 339 2712 719
396 2654 514 2711 ‘Gabios
532 2656 686 2724 urbemque
706 2658 748 2712 73
768 2656 841 2711 Acro
861 2656 897 2710 ad
915 2655 982 2711 Hor.
1001 2656 1109 2725 epistt
1131 2661 1172 2716 11,
1192 2662 1206 2709 7

132 2728 295 2796 ‘urbemque
310 2728 351 2782 F!
373 2726 516 2781 Charisius
531 2726 543 2779 Ι
558 2734 610 2782 279
621 2726 653 2782 Κ.
674 2726 826 2784 Diomedes
843 2728 851 2780 Ι
866 2733 919 2782 442
929 2727 962 2782 Κ.
982 2727 1033 2783 ult.
1053 2727 1115 2796 syll.
1131 2726 1170 2781 IV
1182 2731 1233 2780 979
1241 2725 1274 2782 K.

132 2799 295 2855 Consentius
311 2798 337 2853 V
356 2804 407 2854 397
418 2798 450 2853 K.
470 2798 594 2853 Isidorus
613 2799 683 2867 orig.
703 2801 714 2853 I
734 2804 777 2867 34,
797 2807 814 2853 4
894 2804 945 2854 776
966 2799 1118 2854 ‘Pometios
1134 2842 1140 2853 .
1157 2784 1272 2853 ...1777ιί·
1326 2848 1332 2859 ,

133 2870 283 2926 Cledonius
303 2869 328 2923 V
347 2875 380 2924 86
391 2869 424 2925 Κ.
533 2876 585 2925 776
609 2870 721 2924 Servius
744 2871 812 2926 Aen.
832 2870 883 2924 VII
908 2877 958 2925 712
984 2871 1067 2924 ‘sunt
1086 2914 1091 2925 .
1113 2912 1118 2924 .
1140 2914 1145 2926 .
1165 2870 1272 2923 terrae’

130 2942 217 2998 schol.
236 2943 317 2997 Bern.
341 2957 437 3012 georg.
453 2942 479 2995 II
498 2946 550 2995 799
643 2947 693 2996 779
709 2959 748 3010 sq.
770 2941 870 2996 ‘viden
886 2983 892 2996 .
908 2987 914 2998 .
930 2985 936 2996 .
953 2942 1073 2996 honore’
1101 2940 1187 2996 schol.
1208 2940 1273 2996 Hor.

130 3031 214 3069 carm.
230 3014 241 3067 Ι
260 3019 285 3081 s,
305 3019 339 3067 86
413 3019 464 3068 779
484 3012 580 3066 ‘viden
596 3056 602 3068 .
619 3056 625 3068 .
641 3057 646 3068 .
662 3013 776 3068 cristae’
797 3013 909 3068 Servius
923 3014 992 3068 Aen.
1007 3013 1019 3066 Ι
1034 3018 1086 3066 792
1160 3018 1210 3066 781
1226 3012 1275 3066 lsi-

131 3085 215 3141 dorus
234 3084 304 3155 orig.
320 3084 370 3138 XV
386 3090 410 3154 1,
431 3091 445 3139 1
465 3084 510 3154 (cf.
525 3083 617 3139 XVIII
638 3088 664 3152 1)
684 3084 794 3139 Servius
813 3084 1016 3166 7177717678
1036 3084 1098 3138 ‘illa
1116 3083 1215 3138 inclita
1228 3083 1273 3139 R!

132 3158 243 3212 Servius
263 3157 331 3213 Aen.
350 3156 376 3211 V
395 3163 446 3211 787
531 3160 584 3210 764
603 3156 682 3210 ‘felix
701 3174 728 3226 p.
749 3156 849 3210 virum’
870 3157 1025 3210 Arusranus
1043 3156 1096 3210 VII
1110 3155 1204 3211 473K.

218 3361 314 3404 varus
340 3361 464 3404 777777.
513 3345 574 3404 768
595 3342 759 3401 REDDAT
783 3343 829 3402 Re
920 3345 983 3404 769
1007 3361 1062 3404 om.
1085 3343 1203 3433 Mentet.
1227 3345 1275 3404 alt.

131 3452 168 3492 m.
189 3436 222 3493 1:
246 3435 283 3507 cf.
302 3435 366 3493 403
483 3436 544 3493 771
571 3432 762 3492 ostendantc
867 3435 931 3493 772
955 3433 1050 3510 Atqui
1073 3433 1144 3507 1777.
1170 3434 1277 3510 atqui

651 3516 693 3556 uu

132 3577 193 3635 cdd.
216 3580 278 3636 vett.
297 3573 348 3634 Au
370 3575 486 3653 utque?
570 3574 691 3636 GERIT
714 3577 752 3635 Μ
850 3575 918 3635 Post
940 3594 966 3635 v.
987 3577 1051 3635 774
1075 3575 1165 3635 laude
1188 3575 1276 3652 pudi-

133 3663 222 3724 citiae
247 3664 378 3724 celebres
397 3665 569 3742 addentque
589 3665 733 3740 superbos
756 3669 788 3725 tu
807 3666 944 3725 editiones
962 3666 1087 3724 tutatum
1107 3667 1222 3739 fraude,
1245 3671 1278 3724 ut

134 3756 237 3828 fertur,
262 3755 393 3813 Fabricii
413 3755 623 3828 Lompuquuuc'
733 3757 796 3816 776
820 3773 884 3822 cru,
908 3757 966 3815 tmo
989 3772 1045 3828 ruo.
1068 3755 1144 3813 777
1170 3756 1276 3814 oddb

199 3841 306 3902 TVNC
329 3843 358 3901 P
423 3831 551 3902 andus
575 3835 751 3922 (TERRAE
775 3836 854 3924 sup.)
877 3846 918 3903 M
1019 3846 1081 3904 779
1107 3847 1188 3902 stent
1210 3842 1276 3902 Ser·

131 3931 385 3992 7777Α777.1292
474 3934 538 3992 780
558 3931 706 4007 0777777797
725 3937 844 4010 pater..
859 3953 1018 4011 ,superum
1037 3951 1102 3992 cum
1121 3932 1277 4008 Waqrero,

132 4023 266 4095 7777777777
280 4039 421 4097 superum
439 4024 636 4080 accusativum
650 4024 853 4095 interpretetur
866 4023 985 4083 Seruus
1044 4040 1186 4098 superum
1201 4013 1277 4100 (7777.

132 4102 270 4189 deorum)
366 4109 510 4169 honoram
537 4110 647 4170 Pluere
671 4111 753 4184 Vero.
777 4114 838 4172 199
858 4130 969 4185 parum
997 4112 1085 4172 lattue
1151 4128 1277 4185 puerum

132 4201 339 4274 Peerlkampus
401 4196 594 4258 INSIGNAT
608 4199 637 4256 R
720 4202 782 4259 782
804 4194 849 4260 ‘de
867 4201 919 4260 7777
937 4205 1032 4260 autem
1050 4201 1110 4259 Ioco
1125 4203 1150 4257 et
1166 4199 1278 4272 Tropus

133 4293 159 4348 et
181 4289 296 4349 Probus
318 4282 472 4361 quaeruut'
495 4286 627 4347 Servius:
650 4291 686 4361 cll
705 4290 783 4362 prol.
807 4291 867 4349 145
961 4291 1023 4350 783
1049 4290 1084 4362 71ζ
1105 4306 1148 4362 ue.
1165 4286 1196 4347 Π
1211 4289 1274 4349 535

201 4383 283 4474 mdro
308 4405 457 4492 (77777777)
481 4430 496 4471 7
