3000 4958
765 372 891 435 cutax.

332 545 399 610 otia
422 539 628 628 quaerentem
651 543 773 608 frustra
796 544 882 609 sibi?
906 543 960 630 ite,
983 541 1119 627 puellae,
1376 559 1429 608 245

332 652 386 738 lte,
409 651 528 736 quibus
550 650 660 716 taedas
683 649 826 715 accendit
849 650 954 715 tristis
978 649 1098 733 Erinys

332 759 415 823 sicut
437 756 566 843 Hymen
588 758 744 842 praefata:
767 757 855 824 dedit
877 756 1015 823 conubia
1037 757 1162 821 mortis.

332 871 429 950 atque
452 865 531 930 alias
555 865 619 929 alio
643 864 757 929 densas
779 886 876 948 super
899 864 1026 949 agmine
1048 864 1193 927 turmas!

331 972 498 1056 impietate
520 973 588 1036 fera
610 963 777 1036 vecordem
801 968 956 1035 Colchida
978 975 1124 1057 matrem,

331 1079 427 1143 anxia
449 1079 597 1144 sollicitis
620 1077 829 1143 meditantem
853 1077 982 1143 volnera
1004 1078 1105 1143 natis!

331 1186 395 1251 iam
418 1185 612 1251 Pandionias
635 1185 815 1249 miseranda
838 1186 928 1268 prole
951 1185 1090 1271 puellas,

332 1288 469 1378 quarum
491 1315 554 1357 vox
577 1291 653 1376 Ityn
676 1291 741 1357 edit
764 1291 850 1379 Ityn,
873 1313 937 1376 quo
960 1291 1129 1357 Bistonius
1152 1315 1210 1357 rex
1239 1250 1281 1359 Q.

206 1486 210 1506 1
268 1479 271 1504 Ι
333 1400 431 1464 orbus
455 1422 555 1490 ers
578 1403 699 1464 maeret
721 1399 867 1464 volucres
891 1402 1019 1464 evectus
1041 1399 1077 1464 in
1099 1402 1210 1464 auras!

176 1543 192 1585 χ
209 1501 286 1551 '²¹³⁴‘
334 1512 368 1572 at
390 1507 607 1572 discordantes
631 1503 769 1571 Cadmeo
793 1507 914 1591 semine
936 1507 1053 1571 fratres

219 1586 226 1642 l
335 1615 400 1679 iam
422 1614 605 1679 truculenta
627 1614 735 1678 ferunt
759 1614 939 1699 infestaque
960 1613 1084 1679 lumina
1106 1636 1225 1700 corpus
1378 1635 1430 1683 266

336 1705 417 1785 alter
441 1721 475 1785 in
498 1720 643 1806 alterius3
666 1721 794 1805 iamque
818 1726 982 1786 aversatus
1006 1726 1151 1809 uterque,

334 1828 433 1912 impia
456 1813 841 1913 germani'manai'quod
865 1829 1021 1914 sanguine
1044 1829 1166 1894 dextra.

335 1935 415 2000 eheu
437 1934 611 2000 mutandus
633 1958 810 2020 numquam
833 1936 939 2001 labor!
962 1937 1089 2001 auferor
1112 1937 1200 2001 ultra

226 2031 228 2034 ’
334 2043 370 2107 in
392 2042 527 2129 diversa,
548 2044 652 2128 magis
674 2043 984 2128 distantianomina
1006 2065 1114 2109 cerno:

335 2150 482 2234 Elysiam
506 2149 681 2214 tranandus
705 2171 784 2236 agor
806 2149 932 2215 delatus
951 2149 991 2214 ad
1009 2150 1134 2214 undam.
1376 2170 1428 2218 aso

337 2411 399 2468 245
425 2412 585 2485 quarentes
605 2406 641 2464 H
704 2406 783 2466 sibi?
805 2405 847 2466 ite
865 2406 1007 2466 Heinsius
1029 2405 1144 2484 siblite,
1166 2408 1198 2465 in
1220 2427 1279 2482 ηιμ.
1304 2427 1346 2467 m.
1371 2427 1426 2469 rec.

268 2498 286 2555 l'
312 2498 421 2557 sublite
439 2497 470 2555 B
498 2496 599 2556 siblite
622 2494 680 2555 AO
708 2495 818 2556 sublite
837 2497 896 2554 PH
923 2515 977 2555 ceu
1000 2495 1063 2555 uite
1089 2495 1116 2554 V
1142 2513 1195 2555 vos
1223 2497 1269 2556 ite
1291 2497 1426 2558 Bembus

267 2587 381 2646 cervice
401 2585 553 2645 Baehrens
576 2585 667 2644 simul
689 2585 732 2644 ite
753 2585 873 2645 Vossius
896 2585 994 2652 sinite,
1017 2585 1059 2645 ite
1082 2585 1143 2644 Leo
1197 2586 1424 2646 frustratibns?

266 2676 308 2736 ite
327 2697 355 2753 p.
378 2676 459 2734 Ettts
527 2678 590 2736 246
615 2671 671 2751 lte]
694 2674 731 2732 In
756 2675 783 2735 V
840 2678 871 2733 at
894 2675 979 2733 tedas
1000 2674 1028 2733 V
1088 2673 1252 2735 accendens
1267 2676 1426 2751 Hauptius

356 2767 418 2824 247
444 2761 535 2840 sicut]
559 2783 667 2823 saevus
690 2763 871 2823 Schraderus
938 2783 992 2839 pro
1016 2765 1080 2823 fata
1097 2764 1251 2838 Hauptius
1272 2785 1425 2844 praesaga

265 2856 399 2930 Heyntns
461 2855 521 2913 Hic
534 2855 654 2913 distinxi
668 2871 742 2927 quoe
755 2854 840 2928 enyo
855 2855 1059 2913 continuantur
1133 2855 1195 2915 248
1211 2854 1324 2914 densat
1334 2856 1423 2914 Bem-

265 2947 319 3004 bus
340 2944 468 3003 densant
481 2943 561 3002 Euo
633 2961 740 3020 supero
760 2943 912 3017 Haupttus
934 2961 1042 3019 sequor
1055 2943 1172 3003 Birtius
1250 2946 1380 3023 agmina
1393 2945 1426 3002 H

265 3053 303 3094 m.
324 3038 339 3092 1
433 3032 538 3093 turbas
561 3031 582 3092 V
667 3032 801 3099 Versum,
825 3050 850 3099 e,
872 3051 895 3092 c.
922 3036 1014 3110 atque
1041 3032 1117 3092 alias
1145 3033 1293 3093 scelerum
1318 3035 1423 3110 facies,

265 3124 326 3181 iam
345 3141 466 3181 cernere
485 3140 583 3199 cogor,
608 3122 746 3181 excidisse
763 3126 852 3195 putot
869 3122 946 3180 Leo:
965 3123 1146 3182 esclamundt
1163 3124 1258 3196 sionis
1276 3124 1424 3197 desitnyor

335 3214 397 3272 249
422 3210 582 3270 uecordem
602 3212 630 3271 V
649 3211 681 3270 ui
706 3211 826 3269 cordam
841 3210 871 3269 B
893 3229 930 3269 na.
953 3214 967 3269 1
994 3216 1027 3270 ut
1048 3213 1105 3271 oid.
1128 3211 1288 3271 tucordam
1306 3211 1425 3270 FABG

266 3304 333 3360 tum
355 3297 467 3377 quond'
485 3302 521 3359 Η
585 3300 721 3359 colchida
739 3301 774 3358 H
794 3300 938 3360 conchida
955 3298 1014 3359 Bo
1034 3301 1164 3360 colchita
1184 3301 1211 3359 V
1232 3300 1377 3360 conduda
1398 3302 1427 3358 Γ

334 3393 398 3451 250
412 3390 552 3450 AnsiaH
618 3389 847 3466 2511amq·H
913 3389 1083 3449 miseranda
1096 3392 1126 3448 Γ
1140 3390 1328 3449 miserandas
1347 3393 1383 3450 Ψ

267 3482 330 3539 252
351 3478 449 3548 Quare
471 3479 498 3539 V
561 3498 619 3540 vox
642 3478 713 3556 Ityn
732 3477 795 3538 edit
816 3479 888 3554 Ityn
906 3478 1038 3554 Silliyins
1060 3498 1121 3539 uox
1139 3479 1167 3539 it
1184 3481 1216 3538 in
1240 3480 1277 3538 od
1296 3484 1378 3558 ytyn
1392 3481 1422 3538 B

265 3569 351 3628 noxit
365 3562 510 3651 (uexitC)
529 3568 664 3646 inedItyn
678 3568 730 3627 [u
746 3586 805 3627 uox
820 3568 860 3628 sit
878 3570 909 3627 in
924 3567 1058 3645 edyntyn
1072 3567 1101 3627 A
1119 3588 1180 3629 uox
1199 3569 1239 3628 sit
1257 3569 1290 3628 in
1309 3569 1381 3628 itim
1392 3570 1424 3627 ll

267 3713 324 3753 uox
338 3676 472 3753 iterans
484 3694 551 3753 itim
564 3694 592 3752 V
611 3714 669 3754 vox
688 3691 818 3753 Iterabat
836 3693 908 3770 Ityn
925 3693 1106 3753 Sctrodcrus
1163 3714 1222 3772 quo
1234 3694 1264 3753 V
1284 3695 1370 3771 quod
1393 3697 1429 3752 Ψ

312 3786 375 3843 254
396 3783 443 3841 Ad
457 3783 573 3842 FBOV
638 3784 798 3859 sanguiue,
821 3801 969 3857 suprascr.
989 3785 1001 3838 l
1020 3782 1172 3843 seminet)
1193 3802 1331 3842 sermone
1352 3786 1383 3842 Γ

312 3875 375 3933 255
391 3870 637 3950 infectaqueAH
702 3875 765 3932 256
781 3892 838 3948 que
853 3891 907 3931 om.
918 3872 979 3930 ΓΗ
1033 3873 1212 3932 aduersatus
1227 3872 1289 3930 ΓΗ
1293 3873 1322 3932 V
1334 3891 1424 3933 auer-

267 3966 384 4022 satus&
455 3965 517 4022 257
543 3962 698 4040 germania
716 3963 749 4020 H
825 3964 889 4022 258
913 3961 981 4020 Heu
1004 3961 1062 4020 heu
1083 3962 1112 4021 V
1131 3960 1200 4020 Heu
1213 3962 1277 4020 ΓΗ
1343 3982 1424 4022 ram·

267 4071 356 4129 quam
371 4053 400 4110 Γ
463 4052 567 4111 aufero
581 4053 611 4109 Γ
675 4052 737 4112 259
753 4055 821 4128 post
839 4049 958 4111 diversa
976 4051 1109 4111 distinxit
1122 4052 1272 4124 Hcynius:
1295 4053 1423 4126 sortasse

261 4147 329 4217 post
342 4142 424 4201 ultra
438 4142 679 4216 disttnyuendnm,
699 4146 760 4200 tum
778 4141 839 4199 iam
853 4139 971 4201 diversa
985 4158 1007 4199 e.
1022 4159 1047 4214 q.
1062 4160 1085 4202 s.
1100 4142 1301 4202 continuando
1370 4162 1424 4203 no·

266 4231 347 4289 mina
361 4231 451 4290 I'AV
466 4231 591 4290 numina
609 4232 644 4289 Ψ
709 4232 773 4291 260
794 4230 945 4289 Eridanus
958 4228 1139 4290 Schraderus
1187 4231 1379 4292 tranandnm
1392 4233 1428 4291 Η

266 4323 448 4389 m.1,corr.
473 4340 510 4381 m.
533 4338 588 4380 rec.
616 4339 657 4380 on
684 4318 906 4380 transdandus?
996 4320 1134 4397 Elysium
1157 4323 1321 4382 tranamus
1346 4323 1426 4383 Euo

333 4409 446 4469 dilatus
465 4411 495 4468 B
