3038 4964
515 377 664 433 valcalla
683 376 815 433 cunels
834 376 885 432 XlI

192 543 304 607 infelix
328 562 454 628 pugnae
479 542 625 606 iuvenem
650 542 684 605 in
708 541 880 606 certamine
903 540 1004 605 credit

193 650 372 714 extinctum
394 653 427 713 ct
451 649 559 713 subito
584 652 723 713 mentem
747 649 877 713 turbata
900 648 1010 713 dolore

193 781 226 822 se
249 780 377 822 causam
399 757 517 822 clamat
539 756 723 842 crimenque
746 761 907 840 caputque
930 755 1098 841 malorum,

192 864 359 949 multaque
381 887 438 950 per
460 868 618 929 maestum
641 864 771 929 demens
794 864 889 929 effata
911 863 1053 927 furorem

192 995 370 1058 purpureos
393 972 552 1036 moritura
575 994 672 1035 manu
695 970 846 1035 discindit
870 971 1006 1036 amictus

192 1085 224 1144 et
246 1081 366 1144 nodum
390 1080 537 1144 informis
560 1078 617 1143 leti
642 1079 734 1143 trabe
756 1078 857 1143 nectit
880 1078 920 1143 ab
944 1080 1018 1143 alta.

193 1210 290 1273 quam
312 1185 434 1251 cladem
457 1186 594 1250 miserae
616 1189 788 1270 postquam
813 1208 960 1271 accepere
984 1186 1128 1270 Latinae,

192 1294 260 1359 filia
283 1294 387 1379 prima
410 1316 507 1358 manu
531 1293 629 1357 floras
654 1292 787 1358 Lavinia
810 1292 908 1357 crinis

193 1407 225 1466 et
247 1423 356 1465 roseas
379 1399 502 1465 laniata
524 1420 633 1485 genas,
655 1404 726 1464 tum
748 1404 853 1464 cetera
874 1399 994 1463 circum

192 1508 289 1573 turba
312 1508 404 1572 furit:
428 1512 581 1573 resonant
603 1506 668 1572 late
691 1508 902 1592 plangoribus
926 1507 1027 1572 aedes.

192 1615 269 1679 hinc
291 1619 394 1679 totam
418 1614 528 1680 infelix
552 1614 704 1700 volgatur
726 1615 812 1679 fama
835 1636 892 1699 per
915 1614 1035 1679 urbem.

193 1720 368 1786 demittunt
391 1726 526 1806 mentes3
551 1723 577 1786 it
600 1722 699 1787 scissa
722 1726 810 1786 veste
834 1721 978 1807 Latinus,

193 1828 339 1913 coniugis
363 1828 521 1892 attonitus
544 1828 621 1892 fatis
643 1829 924 1913 urbisque'ruina‚

193 1935 344 1999 canitiem
368 1933 532 1998 immundo
556 1936 718 2019 perfusam
741 1936 873 2020 pulvere
897 1939 1038 2020 turpans¹

237 2076 364 2141 Interea
387 2080 530 2141 extremo
554 2076 692 2142 bellator
715 2078 750 2141 in
773 2100 910 2162 aequore
933 2078 1061 2142 Turnus

193 2184 334 2269 palantis
358 2184 504 2268 sequitur
527 2206 646 2269 paucos
669 2185 733 2249 iam
757 2184 887 2271 segnior
910 2189 1007 2269 atquc

194 2292 257 2357 iam
280 2292 387 2356 minua
410 2295 506 2376 atquc
525 2291 632 2356 minus
655 2313 803 2357 successu
826 2292 931 2357 laetus
954 2314 1118 2376 equorum.

193 2478 347 2556 multaque
372 2496 404 2538 ae
427 2477 552 2554 incusat,
576 2478 627 2556 qui
650 2497 710 2538 non
734 2478 884 2553 acceperit
907 2450 975 2536 ante
1222 2485 1273 2534 612

192 2567 376 2627 Dardanium
398 2569 520 2627 Aenean
543 2586 747 2646 generumque
771 2567 934 2627 adsciverit
956 2567 1047 2627 ultro.

126 2809 197 2863 mu
214 2755 382 2864 attur·
395 2736 1273 2878 ulttttfflfflttollantlullttlatlt

197 2886 249 2934 616
270 2879 339 2933 ‘iam
359 2897 395 2934 m.
415 2895 441 2934 a.
460 2880 508 2935 m.’
529 2878 580 2935 ult.
597 2879 660 2948 syll.
675 2880 713 2934 lV
728 2879 825 2935 64811.

126 2984 338 2992 ...ψ’-...-

214 3047 308 3089 vinu
336 3047 458 3090 mono.
506 3032 569 3091 soe
598 3027 881 3090 manuninum
899 3031 929 3088 P
952 3031 983 3089 in
1011 2991 1185 3110 allusu
1199 3035 1273 3104 poa.

125 3172 198 3215 corr.
221 3158 254 3214 a
277 3146 342 3236 qo
365 3114 555 3215 ”certamina
574 3148 608 3236 (a
621 3161 696 3228 pou.
720 3173 793 3215 corr.
817 3158 849 3215 a
868 3146 935 3237 qy
964 3153 1226 3214 acuarauiuu
1244 3156 1275 3214 a

125 3244 296 3321 certamine,
319 3263 373 3304 om.
396 3244 437 3322 in,
460 3246 477 3304 b
568 3246 630 3305 599
656 3246 688 3305 et
709 3263 805 3325 erup
896 3246 958 3305 603
983 3264 1017 3304 ac
1041 3245 1216 3304 Lactantius

125 3333 280 3413 infamisx
348 3328 497 3393 ‘informis
515 3333 569 3393 leti
582 3336 667 3408 quasi
680 3336 782 3394 mortis
799 3327 1024 3408 infamissimae’
1039 3333 1160 3394 Seruius
1228 3334 1272 3393 la·

125 3423 196 3500 quei
223 3424 430 3498 Peerlkampus
519 3423 583 3483 alta
606 3415 640 3504 (a
662 3429 737 3498 post.
762 3442 776 3483 6
799 3415 925 3504 corr.)y
993 3420 996 3427 ’
1039 3426 1101 3484 605
1127 3424 1217 3483 floras
1240 3426 1274 3483 ia

124 3513 209 3572 Leia
227 3532 265 3571 m.
283 3531 333 3587 pr.
357 3518 383 3572 et
400 3515 432 3572 ia
450 3512 567 3573 1166169.
585 3531 635 3586 pr.
659 3515 752 3587 fecsse
769 3515 924 3573 mulctabat
942 3513 1093 3574 Heinius.
1116 3512 1274 3572 FLAVOS

124 3602 308 3682 MPRyaoo,
333 3620 444 3677 porum
467 3603 588 3676 feliciter
611 3603 760 3676 defensum
782 3622 802 3662 a
830 3602 976 3678 Wagnero
1004 3604 1063 3663 lect.
1090 3603 1173 3677 Vero.
1194 3604 1272 3662 362:

125 3694 162 3764 cf.
184 3689 229 3749 IV
253 3693 326 3752 559.
361 3685 470 3751 ‘flavos
490 3735 497 3748 .
517 3738 523 3750 .
544 3735 551 3749 .
571 3694 691 3765 antiqua
718 3694 798 3752 lectio
826 3691 915 3752 floras
947 3694 1047 3752 habuit
1067 3738 1074 3751 .
1093 3740 1099 3751 .
1119 3738 1125 3750 .
1147 3688 1274 3767 [Probas

124 3783 166 3840 sic
184 3782 346 3840 mactavit:
369 3782 541 3840 neotericam
560 3785 623 3841 crat
645 3781 747 3850 flavos,
771 3799 837 3856 erpo
855 3784 924 3842 bene
943 3773 1060 3858 floros]'
1079 3799 1101 3841 6.
1121 3800 1147 3855 q.
1166 3799 1189 3840 6.
1208 3779 1273 3840 Scr-

124 3872 191 3930 m'as
214 3864 311 3949 (aneis
333 3871 447 3930 6661666
469 3872 502 3930 ia
524 3871 583 3930 solo
606 3871 703 3931 Paris.
727 3862 876 3952 9696666)
950 3869 1094 3929 uulnus
1112 3870 1202 3929 PRbe

126 3961 189 4019 606
210 3977 309 4019 comas
327 3960 430 4021 schem.
448 3961 501 4020 lea.
521 3979 613 4039 genas
631 3959 751 4020 Servius
774 3962 927 4033 confirmat
995 3962 1057 4020 607
1083 3958 1220 4017 LATAE
1236 3960 1273 4017 M

123 4047 259 4107 LATAE
278 4048 324 4108 Rc
392 4051 455 4109 608
479 4048 699 4109 VVLGATVR
716 4051 793 4130 prc
861 4052 923 4110 609
947 4046 987 4125 it]
1012 4051 1043 4108 et
1065 4049 1274 4121 Peerlkampus

215 4140 280 4198 610
303 4138 392 4198 factis
415 4137 561 4199 Arasiaai
580 4140 639 4199 eod.
754 4140 816 4198 611
842 4139 968 4198 turbans
985 4141 1020 4197 cl
1051 4140 1156 4212 turpat
1180 4138 1273 4196 Peerl-

123 4229 248 4302 kampus
361 4230 475 4302 612sq.
498 4247 552 4288 om.
576 4229 718 4308 MPRyb,
749 4232 844 4288 eatam
871 4231 903 4287 in
926 4246 969 4306 οχι
999 4228 1035 4301 cf.
1054 4226 1180 4285 ΧΙ471

125 4320 189 4378 612
213 4322 372 4395 acceperat
389 4322 423 4377 61
508 4320 571 4379 613
596 4335 753 4377 aeneama
835 4318 899 4378 614
909 4335 968 4391 sqq.
992 4317 1063 4384 alia,
1086 4317 1137 4375 sed
1159 4321 1185 4375 et
1206 4319 1273 4391 apsa

124 4412 183 4468 aut.
205 4408 334 4469 66166
