<?xml version="1.0" encoding="UTF-8"?>
<!DOCTYPE html PUBLIC "-//W3C//DTD XHTML 1.0 Transitional//EN"
    "http://www.w3.org/TR/xhtml1/DTD/xhtml1-transitional.dtd">
<html xmlns="http://www.w3.org/1999/xhtml" xml:lang="en" lang="en">
 <head>
  <title>
</title>
<meta http-equiv="Content-Type" content="text/html;charset=utf-8" />
  <meta name='ocr-system' content='tesseract 3.04.00' />
  <meta name='ocr-capabilities' content='ocr_page ocr_carea ocr_par ocr_line ocrx_word'/>
</head>
<body>
  <div class='ocr_page' id='page_1' title='image "./pvergilimaronis00ribbgoog/pvergilimaronis00ribbgoog_0292.png"; bbox 0 0 3046 4972; ppageno 0'>
   <div class='ocr_carea' id='block_1_1' title="bbox 554 368 1428 438">
    <p class='ocr_par' dir='ltr' id='par_1_1' title="bbox 554 368 1428 438">
     <span class='ocr_line' id='line_1_1' title="bbox 554 368 1428 438; baseline 0.022 -16"><span class='ocrx_word' id='word_1_1' title='bbox 554 368 702 424; x_wconf 83' lang='lat' dir='ltr'>VERGILI</span> <span class='ocrx_word' id='word_1_2' title='bbox 722 369 853 426; x_wconf 76' lang='lat' dir='ltr'>saulus</span> <span class='ocrx_word' id='word_1_3' title='bbox 873 370 899 423; x_wconf 92' lang='grc'>11</span> <span class='ocrx_word' id='word_1_4' title='bbox 1236 373 1302 438; x_wconf 80' lang='grc'>275</span> <span class='ocrx_word' id='word_1_5' title='bbox 1423 396 1428 405; x_wconf 86' lang='grc'><em>“</em></span> 
     </span>
    </p>
   </div>
   <div class='ocr_carea' id='block_1_2' title="bbox 108 531 1345 1690">
    <p class='ocr_par' dir='ltr' id='par_1_2' title="bbox 220 531 1302 706">
     <span class='ocr_line' id='line_1_2' title="bbox 224 531 1302 620; baseline 0.003 -22"><span class='ocrx_word' id='word_1_6' title='bbox 224 534 329 617; x_wconf 78' lang='lat' dir='ltr'>accipe</span> <span class='ocrx_word' id='word_1_7' title='bbox 351 551 437 598; x_wconf 87' lang='lat' dir='ltr'>nuno</span> <span class='ocrx_word' id='word_1_8' title='bbox 459 531 607 598; x_wconf 87' lang='lat' dir='ltr'>Danaum</span> <span class='ocrx_word' id='word_1_9' title='bbox 632 534 780 620; x_wconf 79' lang='lat' dir='ltr'>insidias,</span> <span class='ocrx_word' id='word_1_10' title='bbox 802 538 835 598; x_wconf 85' lang='lat' dir='ltr'>et</span> <span class='ocrx_word' id='word_1_11' title='bbox 857 534 990 599; x_wconf 90' lang='lat' dir='ltr'>crimine</span> <span class='ocrx_word' id='word_1_12' title='bbox 1014 535 1053 598; x_wconf 90' lang='lat' dir='ltr'>ab</span> <span class='ocrx_word' id='word_1_13' title='bbox 1076 557 1142 599; x_wconf 88' lang='lat' dir='ltr'>uno</span> <span class='ocrx_word' id='word_1_14' title='bbox 1268 553 1302 601; x_wconf 80' lang='grc'><strong>66</strong></span> 
     </span>
     <span class='ocr_line' id='line_1_3' title="bbox 220 638 442 706; baseline -0.005 -1"><span class='ocrx_word' id='word_1_15' title='bbox 220 638 306 705; x_wconf 90' lang='lat' dir='ltr'>disce</span> <span class='ocrx_word' id='word_1_16' title='bbox 329 642 442 706; x_wconf 87' lang='lat' dir='ltr'>omnis.</span> 
     </span>
    </p>

    <p class='ocr_par' dir='ltr' id='par_1_3' title="bbox 108 748 1193 941">
     <span class='ocr_line' id='line_1_4' title="bbox 108 748 1150 833; baseline 0.002 -21"><span class='ocrx_word' id='word_1_17' title='bbox 108 763 113 771; x_wconf 82' lang='grc'><em>“</em></span> <span class='ocrx_word' id='word_1_18' title='bbox 221 771 359 833; x_wconf 90' lang='lat' dir='ltr'>namque</span> <span class='ocrx_word' id='word_1_19' title='bbox 382 753 420 812; x_wconf 91' lang='lat' dir='ltr'>ut</span> <span class='ocrx_word' id='word_1_20' title='bbox 442 752 615 832; x_wconf 86' lang='lat' dir='ltr'>conspectu</span> <span class='ocrx_word' id='word_1_21' title='bbox 638 749 673 810; x_wconf 91' lang='lat' dir='ltr'>in</span> <span class='ocrx_word' id='word_1_22' title='bbox 696 748 800 812; x_wconf 87' lang='lat' dir='ltr'>medio</span> <span class='ocrx_word' id='word_1_23' title='bbox 824 749 975 813; x_wconf 87' lang='lat' dir='ltr'>turbatus</span> <span class='ocrx_word' id='word_1_24' title='bbox 999 749 1150 814; x_wconf 85' lang='lat' dir='ltr'>inermis</span> 
     </span>
     <span class='ocr_line' id='line_1_5' title="bbox 221 853 1193 941; baseline 0.002 -22"><span class='ocrx_word' id='word_1_25' title='bbox 221 856 368 920; x_wconf 81' lang='lat' dir='ltr'>constit‘t</span> <span class='ocrx_word' id='word_1_26' title='bbox 391 859 488 939; x_wconf 83' lang='lat' dir='ltr'>atque</span> <span class='ocrx_word' id='word_1_27' title='bbox 511 855 613 919; x_wconf 87' lang='lat' dir='ltr'>oculis</span> <span class='ocrx_word' id='word_1_28' title='bbox 636 853 779 940; x_wconf 79' lang='lat' dir='ltr'>Phrygia</span> <span class='ocrx_word' id='word_1_29' title='bbox 802 856 931 941; x_wconf 78' lang='lat' dir='ltr'>agmina</span> <span class='ocrx_word' id='word_1_30' title='bbox 953 857 1193 941; x_wconf 76' lang='lat' dir='ltr'>circumspexit:</span> 
     </span>
    </p>

    <p class='ocr_par' dir='ltr' id='par_1_4' title="bbox 128 961 1345 1690">
     <span class='ocr_line' id='line_1_6' title="bbox 128 961 1276 1047; baseline 0.002 -23"><span class='ocrx_word' id='word_1_31' title='bbox 128 1006 133 1014; x_wconf 82' lang='lat'>-</span> <span class='ocrx_word' id='word_1_32' title='bbox 221 961 295 1025; x_wconf 74' lang='lat' dir='ltr'>‘heu</span> <span class='ocrx_word' id='word_1_33' title='bbox 315 983 397 1045; x_wconf 85' lang='lat' dir='ltr'>quae</span> <span class='ocrx_word' id='word_1_34' title='bbox 414 983 500 1026; x_wconf 88' lang='lat' dir='ltr'>nunc</span> <span class='ocrx_word' id='word_1_35' title='bbox 519 961 627 1025; x_wconf 86' lang='lat' dir='ltr'>tellus‘</span> <span class='ocrx_word' id='word_1_36' title='bbox 651 961 772 1047; x_wconf 75' lang='lat' dir='ltr'>inquit,</span> <span class='ocrx_word' id='word_1_37' title='bbox 795 961 890 1046; x_wconf 78' lang='lat' dir='ltr'>‘quae</span> <span class='ocrx_word' id='word_1_38' title='bbox 908 985 958 1027; x_wconf 88' lang='lat' dir='ltr'>me</span> <span class='ocrx_word' id='word_1_39' title='bbox 976 986 1117 1047; x_wconf 90' lang='lat' dir='ltr'>aequora</span> <span class='ocrx_word' id='word_1_40' title='bbox 1135 968 1276 1047; x_wconf 90' lang='lat' dir='ltr'>possunt</span> 
     </span>
     <span class='ocr_line' id='line_1_7' title="bbox 221 1068 1301 1153; baseline 0.004 -22"><span class='ocrx_word' id='word_1_41' title='bbox 221 1068 387 1152; x_wconf 77' lang='lat' dir='ltr'>accipere?</span> <span class='ocrx_word' id='word_1_42' title='bbox 411 1073 467 1132; x_wconf 85' lang='lat' dir='ltr'>aut</span> <span class='ocrx_word' id='word_1_43' title='bbox 491 1068 568 1152; x_wconf 93' lang='lat' dir='ltr'>quid</span> <span class='ocrx_word' id='word_1_44' title='bbox 591 1069 656 1132; x_wconf 88' lang='lat' dir='ltr'>iam</span> <span class='ocrx_word' id='word_1_45' title='bbox 677 1068 795 1132; x_wconf 88' lang='lat' dir='ltr'>misero</span> <span class='ocrx_word' id='word_1_46' title='bbox 819 1070 900 1133; x_wconf 92' lang='lat' dir='ltr'>mihi</span> <span class='ocrx_word' id='word_1_47' title='bbox 924 1070 1060 1153; x_wconf 89' lang='lat' dir='ltr'>denique</span> <span class='ocrx_word' id='word_1_48' title='bbox 1083 1072 1207 1134; x_wconf 82' lang='lat' dir='ltr'>restat?</span> <span class='ocrx_word' id='word_1_49' title='bbox 1268 1088 1301 1135; x_wconf 78' lang='lat'>70</span> 
     </span>
     <span class='ocr_line' id='line_1_8' title="bbox 220 1174 1198 1261; baseline 0.003 -23"><span class='ocrx_word' id='word_1_50' title='bbox 220 1176 272 1238; x_wconf 90' lang='lat' dir='ltr'>cui</span> <span class='ocrx_word' id='word_1_51' title='bbox 290 1197 394 1259; x_wconf 89' lang='lat' dir='ltr'>neque</span> <span class='ocrx_word' id='word_1_52' title='bbox 417 1179 495 1259; x_wconf 85' lang='lat' dir='ltr'>aput</span> <span class='ocrx_word' id='word_1_53' title='bbox 519 1174 649 1239; x_wconf 87' lang='lat' dir='ltr'>Danaos</span> <span class='ocrx_word' id='word_1_54' title='bbox 672 1196 809 1259; x_wconf 87' lang='lat' dir='ltr'>usquam</span> <span class='ocrx_word' id='word_1_55' title='bbox 832 1176 936 1261; x_wconf 84' lang='lat' dir='ltr'>locus,</span> <span class='ocrx_word' id='word_1_56' title='bbox 959 1182 992 1240; x_wconf 89' lang='lat' dir='ltr'>et</span> <span class='ocrx_word' id='word_1_57' title='bbox 1015 1199 1111 1260; x_wconf 85' lang='lat' dir='ltr'>super</span> <span class='ocrx_word' id='word_1_58' title='bbox 1135 1179 1198 1261; x_wconf 92' lang='lat' dir='ltr'>ipsi</span> 
     </span>
     <span class='ocr_line' id='line_1_9' title="bbox 220 1265 1289 1368; baseline 0.003 -23"><span class='ocrx_word' id='word_1_59' title='bbox 220 1281 421 1346; x_wconf 87' lang='lat' dir='ltr'>Dardanidae</span> <span class='ocrx_word' id='word_1_60' title='bbox 443 1283 561 1347; x_wconf 84' lang='lat' dir='ltr'>infensi</span> <span class='ocrx_word' id='word_1_61' title='bbox 584 1304 704 1366; x_wconf 87' lang='lat' dir='ltr'>poenas</span> <span class='ocrx_word' id='word_1_62' title='bbox 728 1305 801 1347; x_wconf 89' lang='lat' dir='ltr'>cum</span> <span class='ocrx_word' id='word_1_63' title='bbox 825 1284 981 1368; x_wconf 86' lang='lat' dir='ltr'>sanguine</span> <span class='ocrx_word' id='word_1_64' title='bbox 1004 1285 1163 1367; x_wconf 65' lang='lat' dir='ltr'>poscunt?</span> <span class='ocrx_word' id='word_1_65' title='bbox 1288 1265 1289 1268; x_wconf 8' lang='grc' dir='ltr'><strong>Ἴ</strong></span> 
     </span>
     <span class='ocr_line' id='line_1_10' title="bbox 221 1389 1215 1474; baseline 0.003 -21"><span class='ocrx_word' id='word_1_66' title='bbox 221 1412 284 1472; x_wconf 92' lang='lat' dir='ltr'>quo</span> <span class='ocrx_word' id='word_1_67' title='bbox 308 1389 432 1474; x_wconf 79' lang='lat' dir='ltr'>gemitu</span> <span class='ocrx_word' id='word_1_68' title='bbox 454 1389 601 1454; x_wconf 81' lang='lat' dir='ltr'>conversi</span> <span class='ocrx_word' id='word_1_69' title='bbox 624 1389 723 1453; x_wconf 87' lang='lat' dir='ltr'>animi</span> <span class='ocrx_word' id='word_1_70' title='bbox 747 1412 948 1474; x_wconf 88' lang='lat' dir='ltr'>compressus</span> <span class='ocrx_word' id='word_1_71' title='bbox 973 1395 1005 1454; x_wconf 87' lang='lat' dir='ltr'>et</span> <span class='ocrx_word' id='word_1_72' title='bbox 1030 1392 1133 1456; x_wconf 90' lang='lat' dir='ltr'>omnis</span> <span class='ocrx_word' id='word_1_73' title='bbox 1213 1440 1215 1445; x_wconf 83' lang='lat'><em>-</em></span> 
     </span>
     <span class='ocr_line' id='line_1_11' title="bbox 220 1497 1345 1596; baseline 0.003 -36"><span class='ocrx_word' id='word_1_74' title='bbox 220 1498 368 1581; x_wconf 81' lang='lat' dir='ltr'>impetus,</span> <span class='ocrx_word' id='word_1_75' title='bbox 413 1497 582 1562; x_wconf 78' lang='lat' dir='ltr'><strong>hortamur</strong></span> <span class='ocrx_word' id='word_1_76' title='bbox 605 1497 680 1583; x_wconf 75' lang='lat' dir='ltr'>l&#39;ari,</span> <span class='ocrx_word' id='word_1_77' title='bbox 704 1520 768 1581; x_wconf 90' lang='lat' dir='ltr'>quo</span> <span class='ocrx_word' id='word_1_78' title='bbox 792 1498 948 1583; x_wconf 86' lang='lat' dir='ltr'>sanguine</span> <span class='ocrx_word' id='word_1_79' title='bbox 971 1504 1077 1563; x_wconf 87' lang='lat' dir='ltr'>cretus</span> <span class='ocrx_word' id='word_1_80' title='bbox 1337 1578 1345 1596; x_wconf 33' lang='grc' dir='ltr'>α</span> 
     </span>
     <span class='ocr_line' id='line_1_12' title="bbox 220 1605 1298 1690; baseline 0.005 -22"><span class='ocrx_word' id='word_1_81' title='bbox 220 1605 315 1687; x_wconf 76' lang='lat' dir='ltr'>quivd</span> <span class='ocrx_word' id='word_1_82' title='bbox 338 1606 422 1689; x_wconf 86' lang='lat' dir='ltr'>fuat,</span> <span class='ocrx_word' id='word_1_83' title='bbox 445 1626 601 1669; x_wconf 85' lang='lat' dir='ltr'>memores</span> <span class='ocrx_word' id='word_1_84' title='bbox 625 1626 706 1687; x_wconf 87' lang='lat' dir='ltr'>quae</span> <span class='ocrx_word' id='word_1_85' title='bbox 729 1605 773 1668; x_wconf 89' lang='lat' dir='ltr'>sit</span> <span class='ocrx_word' id='word_1_86' title='bbox 796 1605 912 1669; x_wconf 88' lang='lat' dir='ltr'>fiducia</span> <span class='ocrx_word' id='word_1_87' title='bbox 935 1610 1037 1690; x_wconf 87' lang='lat' dir='ltr'>capto.</span> <span class='ocrx_word' id='word_1_88' title='bbox 1266 1625 1298 1673; x_wconf 81' lang='grc'>16</span> 
     </span>
    </p>
   </div>
   <div class='ocr_carea' id='block_1_3' title="bbox 218 1858 1299 1968">
    <p class='ocr_par' dir='ltr' id='par_1_5' title="bbox 218 1858 1299 1968">
     <span class='ocr_line' id='line_1_13' title="bbox 218 1858 1299 1968; baseline 0.001 -32"><span class='ocrx_word' id='word_1_89' title='bbox 218 1879 269 1938; x_wconf 89' lang='lat' dir='ltr'>ille</span> <span class='ocrx_word' id='word_1_90' title='bbox 292 1858 367 1938; x_wconf 87' lang='lat' dir='ltr'>lraec</span> <span class='ocrx_word' id='word_1_91' title='bbox 391 1878 529 1955; x_wconf 87' lang='lat' dir='ltr'>deposita</span> <span class='ocrx_word' id='word_1_92' title='bbox 552 1874 673 1968; x_wconf 75' lang='lat' dir='ltr'>tandem</span> <span class='ocrx_word' id='word_1_93' title='bbox 696 1877 855 1937; x_wconf 88' lang='lat' dir='ltr'>formidine</span> <span class='ocrx_word' id='word_1_94' title='bbox 878 1880 975 1938; x_wconf 85' lang='lat' dir='ltr'>fatur:</span> <span class='ocrx_word' id='word_1_95' title='bbox 1266 1890 1299 1938; x_wconf 81' lang='grc'>76</span> 
     </span>
    </p>
   </div>
   <div class='ocr_carea' id='block_1_4' title="bbox 151 2172 1396 3027">
    <p class='ocr_par' dir='ltr' id='par_1_6' title="bbox 152 2172 1396 2601">
     <span class='ocr_line' id='line_1_14' title="bbox 242 2172 1396 2244; baseline -0.002 -17"><span class='ocrx_word' id='word_1_96' title='bbox 242 2192 411 2229; x_wconf 74' lang='lat' dir='ltr'>marmoris.</span> <span class='ocrx_word' id='word_1_97' title='bbox 459 2179 492 2226; x_wconf 87' lang='lat'>65</span> <span class='ocrx_word' id='word_1_98' title='bbox 503 2191 544 2242; x_wconf 90' lang='lat' dir='ltr'>sq.</span> <span class='ocrx_word' id='word_1_99' title='bbox 564 2173 673 2227; x_wconf 88' lang='lat' dir='ltr'>Nonius</span> <span class='ocrx_word' id='word_1_100' title='bbox 693 2178 785 2239; x_wconf 78' lang='lat'>240‚4</span> <span class='ocrx_word' id='word_1_101' title='bbox 812 2172 939 2227; x_wconf 88' lang='lat' dir='ltr'>Donatus</span> <span class='ocrx_word' id='word_1_102' title='bbox 966 2175 1028 2227; x_wconf 85' lang='lat' dir='ltr'>Ter.</span> <span class='ocrx_word' id='word_1_103' title='bbox 1052 2173 1162 2230; x_wconf 87' lang='lat' dir='ltr'>Phorm.</span> <span class='ocrx_word' id='word_1_104' title='bbox 1181 2173 1207 2226; x_wconf 90' lang='lat' dir='ltr'>II</span> <span class='ocrx_word' id='word_1_105' title='bbox 1227 2181 1251 2244; x_wconf 77' lang='lat'>1,</span> <span class='ocrx_word' id='word_1_106' title='bbox 1266 2179 1300 2227; x_wconf 84' lang='grc'>66</span> <span class='ocrx_word' id='word_1_107' title='bbox 1392 2218 1396 2225; x_wconf 91' lang='lat'>.</span> 
     </span>
     <span class='ocr_line' id='line_1_15' title="bbox 153 2244 1300 2302; baseline -0.002 -3"><span class='ocrx_word' id='word_1_108' title='bbox 153 2247 195 2299; x_wconf 83' lang='lat' dir='ltr'>‘et</span> <span class='ocrx_word' id='word_1_109' title='bbox 217 2290 223 2301; x_wconf 90' lang='lat'>.</span> <span class='ocrx_word' id='word_1_110' title='bbox 244 2288 250 2300; x_wconf 92' lang='lat'>.</span> <span class='ocrx_word' id='word_1_111' title='bbox 271 2289 277 2302; x_wconf 96' lang='lat'>.</span> <span class='ocrx_word' id='word_1_112' title='bbox 296 2246 405 2299; x_wconf 82' lang='lat' dir='ltr'>ornnes&#39;</span> <span class='ocrx_word' id='word_1_113' title='bbox 426 2244 538 2299; x_wconf 85' lang='lat' dir='ltr'>Servius</span> <span class='ocrx_word' id='word_1_114' title='bbox 564 2245 633 2299; x_wconf 86' lang='lat' dir='ltr'>Aen.</span> <span class='ocrx_word' id='word_1_115' title='bbox 652 2245 678 2299; x_wconf 84' lang='lat' dir='ltr'>X</span> <span class='ocrx_word' id='word_1_116' title='bbox 698 2250 749 2298; x_wconf 78' lang='lat'>189</span> <span class='ocrx_word' id='word_1_117' title='bbox 824 2244 952 2299; x_wconf 82' lang='lat' dir='ltr'>‘crimine</span> <span class='ocrx_word' id='word_1_118' title='bbox 972 2289 978 2299; x_wconf 88' lang='lat'>.</span> <span class='ocrx_word' id='word_1_119' title='bbox 995 2289 1022 2301; x_wconf 89' lang='lat'>..</span> <span class='ocrx_word' id='word_1_120' title='bbox 1042 2247 1148 2299; x_wconf 86' lang='lat' dir='ltr'>omnes’</span> <span class='ocrx_word' id='word_1_121' title='bbox 1174 2245 1300 2299; x_wconf 80' lang='lat' dir='ltr'>Donatus</span> 
     </span>
     <span class='ocr_line' id='line_1_16' title="bbox 154 2315 1299 2386; baseline 0 -17"><span class='ocrx_word' id='word_1_122' title='bbox 154 2317 216 2372; x_wconf 81' lang='lat' dir='ltr'>Tor.</span> <span class='ocrx_word' id='word_1_123' title='bbox 236 2316 349 2386; x_wconf 81' lang='lat' dir='ltr'>adelph.</span> <span class='ocrx_word' id='word_1_124' title='bbox 364 2316 391 2369; x_wconf 88' lang='lat' dir='ltr'>V</span> <span class='ocrx_word' id='word_1_125' title='bbox 411 2324 434 2385; x_wconf 84' lang='lat'>1,</span> <span class='ocrx_word' id='word_1_126' title='bbox 451 2322 484 2370; x_wconf 77' lang='lat'>12</span> <span class='ocrx_word' id='word_1_127' title='bbox 571 2322 605 2370; x_wconf 86' lang='grc'>66</span> <span class='ocrx_word' id='word_1_128' title='bbox 625 2317 722 2371; x_wconf 88' lang='lat' dir='ltr'>anecd.</span> <span class='ocrx_word' id='word_1_129' title='bbox 742 2315 823 2371; x_wconf 85' lang='lat' dir='ltr'>Halv.</span> <span class='ocrx_word' id='word_1_130' title='bbox 843 2321 896 2370; x_wconf 69' lang='lat'>204</span> <span class='ocrx_word' id='word_1_131' title='bbox 905 2316 939 2371; x_wconf 86' lang='lat' dir='ltr'>H.</span> <span class='ocrx_word' id='word_1_132' title='bbox 962 2316 1070 2386; x_wconf 86' lang='lat' dir='ltr'>‘accipe</span> <span class='ocrx_word' id='word_1_133' title='bbox 1091 2359 1096 2371; x_wconf 94' lang='lat'>.</span> <span class='ocrx_word' id='word_1_134' title='bbox 1117 2359 1123 2373; x_wconf 85' lang='lat'>.</span> <span class='ocrx_word' id='word_1_135' title='bbox 1144 2360 1149 2371; x_wconf 93' lang='lat'>.</span> <span class='ocrx_word' id='word_1_136' title='bbox 1168 2316 1299 2369; x_wconf 87' lang='lat' dir='ltr'>insidias&#39;</span> 
     </span>
     <span class='ocr_line' id='line_1_17' title="bbox 154 2387 1300 2443; baseline 0.001 -1"><span class='ocrx_word' id='word_1_137' title='bbox 154 2388 267 2442; x_wconf 85' lang='lat' dir='ltr'>Servius</span> <span class='ocrx_word' id='word_1_138' title='bbox 290 2387 387 2442; x_wconf 80' lang='lat' dir='ltr'>Aeni</span> <span class='ocrx_word' id='word_1_139' title='bbox 408 2393 536 2442; x_wconf 83' lang='grc'><strong>676764</strong></span> <span class='ocrx_word' id='word_1_140' title='bbox 554 2387 594 2441; x_wconf 88' lang='lat' dir='ltr'>VI</span> <span class='ocrx_word' id='word_1_141' title='bbox 614 2393 648 2441; x_wconf 88' lang='grc'>66</span> <span class='ocrx_word' id='word_1_142' title='bbox 668 2388 718 2442; x_wconf 88' lang='lat' dir='ltr'>ccl.</span> <span class='ocrx_word' id='word_1_143' title='bbox 739 2388 750 2439; x_wconf 97' lang='grc'>1</span> <span class='ocrx_word' id='word_1_144' title='bbox 771 2391 805 2440; x_wconf 82' lang='grc'>16</span> <span class='ocrx_word' id='word_1_145' title='bbox 861 2388 902 2441; x_wconf 82' lang='lat' dir='ltr'>‘ct</span> <span class='ocrx_word' id='word_1_146' title='bbox 921 2431 927 2442; x_wconf 93' lang='lat'>.</span> <span class='ocrx_word' id='word_1_147' title='bbox 949 2432 954 2443; x_wconf 94' lang='lat'>.</span> <span class='ocrx_word' id='word_1_148' title='bbox 975 2432 980 2443; x_wconf 93' lang='lat'>.</span> <span class='ocrx_word' id='word_1_149' title='bbox 1000 2389 1067 2442; x_wconf 91' lang='lat' dir='ltr'>unc&#39;</span> <span class='ocrx_word' id='word_1_150' title='bbox 1097 2388 1207 2443; x_wconf 79' lang='lat' dir='ltr'>Servius</span> <span class='ocrx_word' id='word_1_151' title='bbox 1232 2390 1300 2443; x_wconf 79' lang='lat' dir='ltr'>Aen.</span> 
     </span>
     <span class='ocr_line' id='line_1_18' title="bbox 152 2458 1247 2527; baseline -0.001 -15"><span class='ocrx_word' id='word_1_152' title='bbox 152 2460 177 2512; x_wconf 90' lang='grc'>11</span> <span class='ocrx_word' id='word_1_153' title='bbox 198 2464 232 2513; x_wconf 80' lang='grc'>66</span> <span class='ocrx_word' id='word_1_154' title='bbox 305 2466 338 2514; x_wconf 91' lang='grc'>67</span> <span class='ocrx_word' id='word_1_155' title='bbox 352 2479 392 2527; x_wconf 75' lang='lat' dir='ltr'>sq.</span> <span class='ocrx_word' id='word_1_156' title='bbox 414 2460 546 2526; x_wconf 80' lang='lat' dir='ltr'>‘namque</span> <span class='ocrx_word' id='word_1_157' title='bbox 566 2502 573 2514; x_wconf 90' lang='lat'>.</span> <span class='ocrx_word' id='word_1_158' title='bbox 593 2502 599 2513; x_wconf 90' lang='lat'>.</span> <span class='ocrx_word' id='word_1_159' title='bbox 621 2503 626 2514; x_wconf 94' lang='lat'>.</span> <span class='ocrx_word' id='word_1_160' title='bbox 647 2458 787 2513; x_wconf 89' lang='lat' dir='ltr'>constitit&#39;</span> <span class='ocrx_word' id='word_1_161' title='bbox 808 2459 935 2512; x_wconf 85' lang='lat' dir='ltr'>Donatus</span> <span class='ocrx_word' id='word_1_162' title='bbox 953 2459 1014 2513; x_wconf 86' lang='lat' dir='ltr'>Ter.</span> <span class='ocrx_word' id='word_1_163' title='bbox 1034 2477 1096 2513; x_wconf 87' lang='lat' dir='ltr'>eun.</span> <span class='ocrx_word' id='word_1_164' title='bbox 1115 2459 1155 2512; x_wconf 86' lang='lat'>111</span> <span class='ocrx_word' id='word_1_165' title='bbox 1174 2464 1247 2524; x_wconf 78' lang='lat' dir='ltr'>o‚48</span> 
     </span>
     <span class='ocr_line' id='line_1_19' title="bbox 154 2528 1300 2601; baseline -0.001 -17"><span class='ocrx_word' id='word_1_166' title='bbox 154 2535 188 2584; x_wconf 84' lang='grc'><strong>68</strong></span> <span class='ocrx_word' id='word_1_167' title='bbox 209 2531 319 2601; x_wconf 83' lang='lat' dir='ltr'>explan.</span> <span class='ocrx_word' id='word_1_168' title='bbox 339 2530 369 2583; x_wconf 90' lang='lat' dir='ltr'>in</span> <span class='ocrx_word' id='word_1_169' title='bbox 388 2530 459 2585; x_wconf 88' lang='lat' dir='ltr'>Don.</span> <span class='ocrx_word' id='word_1_170' title='bbox 478 2529 517 2583; x_wconf 88' lang='lat' dir='ltr'>IV</span> <span class='ocrx_word' id='word_1_171' title='bbox 536 2535 588 2583; x_wconf 80' lang='lat'>523</span> <span class='ocrx_word' id='word_1_172' title='bbox 597 2529 631 2585; x_wconf 88' lang='lat' dir='ltr'>K.</span> <span class='ocrx_word' id='word_1_173' title='bbox 650 2530 684 2585; x_wconf 88' lang='lat' dir='ltr'>fr.</span> <span class='ocrx_word' id='word_1_174' title='bbox 700 2529 823 2599; x_wconf 80' lang='lat' dir='ltr'>Sangall.</span> <span class='ocrx_word' id='word_1_175' title='bbox 844 2529 879 2583; x_wconf 92' lang='lat' dir='ltr'>de</span> <span class='ocrx_word' id='word_1_176' title='bbox 894 2546 983 2586; x_wconf 85' lang='lat' dir='ltr'>scnns.</span> <span class='ocrx_word' id='word_1_177' title='bbox 999 2530 1056 2586; x_wconf 88' lang='lat' dir='ltr'>her.</span> <span class='ocrx_word' id='word_1_178' title='bbox 1072 2528 1142 2586; x_wconf 84' lang='lat' dir='ltr'>vers.</span> <span class='ocrx_word' id='word_1_179' title='bbox 1157 2529 1300 2584; x_wconf 72' lang='grc'>7163711,</span> 
     </span>
    </p>

    <p class='ocr_par' dir='ltr' id='par_1_7' title="bbox 151 2600 1300 3027">
     <span class='ocr_line' id='line_1_20' title="bbox 227 2600 1299 2671; baseline -0.001 -17"><span class='ocrx_word' id='word_1_180' title='bbox 227 2608 260 2655; x_wconf 87' lang='lat'>69</span> <span class='ocrx_word' id='word_1_181' title='bbox 271 2621 312 2671; x_wconf 91' lang='lat' dir='ltr'>sq.</span> <span class='ocrx_word' id='word_1_182' title='bbox 333 2602 400 2654; x_wconf 85' lang='lat' dir='ltr'>‘hau</span> <span class='ocrx_word' id='word_1_183' title='bbox 421 2646 425 2655; x_wconf 93' lang='lat'>.</span> <span class='ocrx_word' id='word_1_184' title='bbox 446 2646 452 2657; x_wconf 92' lang='lat'>.</span> <span class='ocrx_word' id='word_1_185' title='bbox 474 2645 480 2655; x_wconf 89' lang='lat'>.</span> <span class='ocrx_word' id='word_1_186' title='bbox 500 2603 557 2654; x_wconf 87' lang='lat' dir='ltr'>acci</span> <span class='ocrx_word' id='word_1_187' title='bbox 580 2603 638 2655; x_wconf 87' lang='lat' dir='ltr'>ere’</span> <span class='ocrx_word' id='word_1_188' title='bbox 660 2601 851 2667; x_wconf 87' lang='lat' dir='ltr'>Quintilianus</span> <span class='ocrx_word' id='word_1_189' title='bbox 869 2600 908 2655; x_wconf 86' lang='lat' dir='ltr'>IX</span> <span class='ocrx_word' id='word_1_190' title='bbox 927 2607 985 2671; x_wconf 77' lang='lat'>2‚9</span> <span class='ocrx_word' id='word_1_191' title='bbox 1059 2607 1092 2656; x_wconf 84' lang='lat'>69</span> <span class='ocrx_word' id='word_1_192' title='bbox 1113 2601 1299 2655; x_wconf 79' lang='lat' dir='ltr'>‘heu...in-</span> 
     </span>
     <span class='ocr_line' id='line_1_21' title="bbox 154 2671 1298 2741; baseline -0.002 -14"><span class='ocrx_word' id='word_1_193' title='bbox 154 2674 226 2741; x_wconf 82' lang='lat' dir='ltr'>quit&#39;</span> <span class='ocrx_word' id='word_1_194' title='bbox 256 2674 307 2728; x_wconf 89' lang='lat' dir='ltr'>ult.</span> <span class='ocrx_word' id='word_1_195' title='bbox 336 2672 398 2741; x_wconf 84' lang='lat' dir='ltr'>syll.</span> <span class='ocrx_word' id='word_1_196' title='bbox 423 2673 460 2727; x_wconf 91' lang='lat' dir='ltr'>lV</span> <span class='ocrx_word' id='word_1_197' title='bbox 485 2678 537 2726; x_wconf 76' lang='lat'>227</span> <span class='ocrx_word' id='word_1_198' title='bbox 575 2718 580 2728; x_wconf 92' lang='lat'>.</span> <span class='ocrx_word' id='word_1_199' title='bbox 609 2671 759 2727; x_wconf 88' lang='lat' dir='ltr'>Clodonius</span> <span class='ocrx_word' id='word_1_200' title='bbox 779 2673 802 2725; x_wconf 88' lang='lat' dir='ltr'>V</span> <span class='ocrx_word' id='word_1_201' title='bbox 824 2672 897 2728; x_wconf 79' lang='lat' dir='ltr'>l9K.</span> <span class='ocrx_word' id='word_1_202' title='bbox 990 2677 1023 2727; x_wconf 85' lang='grc'>70</span> <span class='ocrx_word' id='word_1_203' title='bbox 1044 2674 1105 2726; x_wconf 83' lang='lat' dir='ltr'>‘aut</span> <span class='ocrx_word' id='word_1_204' title='bbox 1123 2716 1129 2726; x_wconf 96' lang='lat'>.</span> <span class='ocrx_word' id='word_1_205' title='bbox 1146 2714 1174 2727; x_wconf 94' lang='lat'>..</span> <span class='ocrx_word' id='word_1_206' title='bbox 1194 2674 1298 2726; x_wconf 83' lang='lat' dir='ltr'>restat&#39;</span> 
     </span>
     <span class='ocr_line' id='line_1_22' title="bbox 153 2742 1299 2812; baseline -0.003 -13"><span class='ocrx_word' id='word_1_207' title='bbox 153 2744 261 2799; x_wconf 86' lang='lat' dir='ltr'>Nonius</span> <span class='ocrx_word' id='word_1_208' title='bbox 281 2750 342 2812; x_wconf 85' lang='grc'>378,</span> <span class='ocrx_word' id='word_1_209' title='bbox 357 2749 391 2797; x_wconf 79' lang='lat'>26</span> <span class='ocrx_word' id='word_1_210' title='bbox 460 2750 568 2812; x_wconf 63' lang='grc' dir='ltr'>,7116ἱ</span> <span class='ocrx_word' id='word_1_211' title='bbox 589 2744 666 2798; x_wconf 88' lang='lat' dir='ltr'>Beda</span> <span class='ocrx_word' id='word_1_212' title='bbox 686 2744 720 2797; x_wconf 88' lang='lat' dir='ltr'>da</span> <span class='ocrx_word' id='word_1_213' title='bbox 740 2743 863 2812; x_wconf 83' lang='lat' dir='ltr'>orthogr.</span> <span class='ocrx_word' id='word_1_214' title='bbox 882 2744 932 2798; x_wconf 90' lang='lat' dir='ltr'>VII</span> <span class='ocrx_word' id='word_1_215' title='bbox 951 2742 1044 2798; x_wconf 77' lang='lat' dir='ltr'>288K.</span> <span class='ocrx_word' id='word_1_216' title='bbox 1073 2743 1222 2798; x_wconf 80' lang='lat' dir='ltr'>Dositheus</span> <span class='ocrx_word' id='word_1_217' title='bbox 1249 2743 1299 2796; x_wconf 89' lang='lat' dir='ltr'>Vll</span> 
     </span>
     <span class='ocr_line' id='line_1_23' title="bbox 151 2814 1297 2870; baseline -0.002 -1"><span class='ocrx_word' id='word_1_218' title='bbox 151 2821 203 2869; x_wconf 83' lang='lat'>416</span> <span class='ocrx_word' id='word_1_219' title='bbox 219 2816 253 2869; x_wconf 88' lang='lat' dir='ltr'>K.</span> <span class='ocrx_word' id='word_1_220' title='bbox 284 2816 342 2869; x_wconf 80' lang='lat' dir='ltr'>‘cui</span> <span class='ocrx_word' id='word_1_221' title='bbox 363 2858 368 2868; x_wconf 95' lang='lat'>.</span> <span class='ocrx_word' id='word_1_222' title='bbox 389 2858 395 2869; x_wconf 92' lang='lat'>.</span> <span class='ocrx_word' id='word_1_223' title='bbox 416 2859 421 2870; x_wconf 95' lang='lat'>.</span> <span class='ocrx_word' id='word_1_224' title='bbox 443 2815 634 2869; x_wconf 85' lang='lat' dir='ltr'>Dardanidae’</span> <span class='ocrx_word' id='word_1_225' title='bbox 664 2814 815 2868; x_wconf 88' lang='lat' dir='ltr'>Diomedes</span> <span class='ocrx_word' id='word_1_226' title='bbox 840 2816 851 2867; x_wconf 95' lang='lat' dir='ltr'>I</span> <span class='ocrx_word' id='word_1_227' title='bbox 875 2820 926 2869; x_wconf 80' lang='lat'>413</span> <span class='ocrx_word' id='word_1_228' title='bbox 942 2817 975 2870; x_wconf 88' lang='lat' dir='ltr'>K.</span> <span class='ocrx_word' id='word_1_229' title='bbox 1045 2817 1110 2869; x_wconf 89' lang='lat' dir='ltr'>‘et.</span> <span class='ocrx_word' id='word_1_230' title='bbox 1133 2858 1138 2869; x_wconf 92' lang='lat'>.</span> <span class='ocrx_word' id='word_1_231' title='bbox 1159 2858 1164 2869; x_wconf 91' lang='lat'>.</span> <span class='ocrx_word' id='word_1_232' title='bbox 1184 2814 1297 2867; x_wconf 88' lang='lat' dir='ltr'>infensi’</span> 
     </span>
     <span class='ocr_line' id='line_1_24' title="bbox 152 2885 1300 2942; baseline 0.002 -3"><span class='ocrx_word' id='word_1_233' title='bbox 152 2887 235 2941; x_wconf 91' lang='lat' dir='ltr'>Probi</span> <span class='ocrx_word' id='word_1_234' title='bbox 263 2886 329 2942; x_wconf 85' lang='lat' dir='ltr'>inst.</span> <span class='ocrx_word' id='word_1_235' title='bbox 358 2888 410 2940; x_wconf 90' lang='lat' dir='ltr'>art.</span> <span class='ocrx_word' id='word_1_236' title='bbox 434 2885 473 2939; x_wconf 89' lang='lat' dir='ltr'>IV</span> <span class='ocrx_word' id='word_1_237' title='bbox 500 2887 594 2941; x_wconf 83' lang='grc' dir='ltr'>149Κ.</span> <span class='ocrx_word' id='word_1_238' title='bbox 623 2886 774 2942; x_wconf 85' lang='lat' dir='ltr'>Cledonius</span> <span class='ocrx_word' id='word_1_239' title='bbox 792 2887 818 2940; x_wconf 90' lang='lat' dir='ltr'><strong>V</strong></span> <span class='ocrx_word' id='word_1_240' title='bbox 842 2891 874 2941; x_wconf 89' lang='grc'>77</span> <span class='ocrx_word' id='word_1_241' title='bbox 886 2886 919 2940; x_wconf 91' lang='grc' dir='ltr'>Κ.</span> <span class='ocrx_word' id='word_1_242' title='bbox 1010 2891 1043 2939; x_wconf 82' lang='grc'>74</span> <span class='ocrx_word' id='word_1_243' title='bbox 1064 2885 1220 2939; x_wconf 84' lang='lat' dir='ltr'>‘hortamur</span> <span class='ocrx_word' id='word_1_244' title='bbox 1240 2931 1244 2941; x_wconf 92' lang='lat'>.</span> <span class='ocrx_word' id='word_1_245' title='bbox 1266 2929 1300 2941; x_wconf 91' lang='lat'>..</span> 
     </span>
     <span class='ocr_line' id='line_1_25' title="bbox 152 2956 1245 3027; baseline 0.001 -15"><span class='ocrx_word' id='word_1_246' title='bbox 152 2960 256 3013; x_wconf 84' lang='lat' dir='ltr'>cretus&#39;</span> <span class='ocrx_word' id='word_1_247' title='bbox 277 2957 432 3013; x_wconf 84' lang='lat' dir='ltr'>Arusianus</span> <span class='ocrx_word' id='word_1_248' title='bbox 450 2957 503 3013; x_wconf 83' lang='lat' dir='ltr'>VII</span> <span class='ocrx_word' id='word_1_249' title='bbox 521 2963 573 3011; x_wconf 84' lang='grc'>477</span> <span class='ocrx_word' id='word_1_250' title='bbox 585 2957 618 3014; x_wconf 88' lang='grc' dir='ltr'>Κ.</span> <span class='ocrx_word' id='word_1_251' title='bbox 638 2956 732 3011; x_wconf 88' lang='lat' dir='ltr'>Grillii</span> <span class='ocrx_word' id='word_1_252' title='bbox 747 2975 847 3012; x_wconf 90' lang='lat' dir='ltr'>comm.</span> <span class='ocrx_word' id='word_1_253' title='bbox 866 2956 897 3009; x_wconf 91' lang='lat' dir='ltr'>in</span> <span class='ocrx_word' id='word_1_254' title='bbox 911 2956 967 3012; x_wconf 84' lang='lat' dir='ltr'>Cic.</span> <span class='ocrx_word' id='word_1_255' title='bbox 982 2958 1017 3011; x_wconf 86' lang='lat' dir='ltr'>de</span> <span class='ocrx_word' id='word_1_256' title='bbox 1032 2956 1087 3012; x_wconf 86' lang='lat' dir='ltr'>inv.</span> <span class='ocrx_word' id='word_1_257' title='bbox 1107 2976 1133 3027; x_wconf 94' lang='lat' dir='ltr'>p.</span> <span class='ocrx_word' id='word_1_258' title='bbox 1150 2962 1201 3011; x_wconf 75' lang='lat'>602</span> <span class='ocrx_word' id='word_1_259' title='bbox 1211 2957 1245 3013; x_wconf 89' lang='lat' dir='ltr'>H.</span> 
     </span>
    </p>
   </div>
   <div class='ocr_carea' id='block_1_5' title="bbox 151 3142 362 3149">
    <p class='ocr_par' dir='ltr' id='par_1_8' title="bbox 151 3142 362 3149">
     <span class='ocr_line' id='line_1_26' title="bbox 151 3142 362 3149; baseline 0.009 -3"><span class='ocrx_word' id='word_1_260' title='bbox 151 3142 362 3149; x_wconf 45' lang='grc' dir='ltr'>..μ-ς-η</span> 
     </span>
    </p>
   </div>
   <div class='ocr_carea' id='block_1_6' title="bbox 150 3280 1301 3436">
    <p class='ocr_par' dir='ltr' id='par_1_9' title="bbox 150 3280 1301 3436">
     <span class='ocr_line' id='line_1_27' title="bbox 238 3280 1301 3360; baseline -0.003 -13"><span class='ocrx_word' id='word_1_261' title='bbox 238 3305 333 3347; x_wconf 77' lang='lat' dir='ltr'>varus</span> <span class='ocrx_word' id='word_1_262' title='bbox 350 3304 471 3347; x_wconf 83' lang='lat' dir='ltr'>nncrro.</span> <span class='ocrx_word' id='word_1_263' title='bbox 521 3290 562 3347; x_wconf 81' lang='grc'><strong>65</strong></span> <span class='ocrx_word' id='word_1_264' title='bbox 586 3286 755 3346; x_wconf 75' lang='lat' dir='ltr'>uauavuu</span> <span class='ocrx_word' id='word_1_265' title='bbox 769 3287 798 3344; x_wconf 94' lang='lat' dir='ltr'><strong><em>P</em></strong></span> <span class='ocrx_word' id='word_1_266' title='bbox 854 3280 990 3345; x_wconf 72' lang='lat' dir='ltr'>‘crimine</span> <span class='ocrx_word' id='word_1_267' title='bbox 1062 3288 1115 3345; x_wconf 79' lang='lat' dir='ltr'>alii</span> <span class='ocrx_word' id='word_1_268' title='bbox 1132 3288 1173 3346; x_wconf 81' lang='lat' dir='ltr'>sic</span> <span class='ocrx_word' id='word_1_269' title='bbox 1191 3288 1301 3360; x_wconf 75' lang='lat' dir='ltr'>leyrrnl:</span> 
     </span>
     <span class='ocr_line' id='line_1_28' title="bbox 150 3369 1254 3436; baseline 0 -2"><span class='ocrx_word' id='word_1_270' title='bbox 150 3376 287 3435; x_wconf 85' lang='lat' dir='ltr'>Danaum</span> <span class='ocrx_word' id='word_1_271' title='bbox 319 3377 443 3436; x_wconf 85' lang='lat' dir='ltr'>insidias</span> <span class='ocrx_word' id='word_1_272' title='bbox 471 3380 502 3435; x_wconf 88' lang='lat' dir='ltr'>et</span> <span class='ocrx_word' id='word_1_273' title='bbox 530 3369 667 3434; x_wconf 88' lang='lat' dir='ltr'>crimiua&#39;</span> <span class='ocrx_word' id='word_1_274' title='bbox 695 3375 815 3436; x_wconf 81' lang='lat' dir='ltr'>Seruius</span> <span class='ocrx_word' id='word_1_275' title='bbox 928 3377 969 3435; x_wconf 91' lang='grc'>66</span> <span class='ocrx_word' id='word_1_276' title='bbox 995 3372 1129 3434; x_wconf 81' lang='lat' dir='ltr'>OMNES</span> <span class='ocrx_word' id='word_1_277' title='bbox 1152 3377 1209 3435; x_wconf 85' lang='lat' dir='ltr'>Mb</span> <span class='ocrx_word' id='word_1_278' title='bbox 1253 3401 1254 3404; x_wconf 41' lang='lat'>¹</span> 
     </span>
    </p>
   </div>
   <div class='ocr_carea' id='block_1_7' title="bbox 148 3481 1299 4022">
    <p class='ocr_par' dir='ltr' id='par_1_10' title="bbox 150 3481 1299 3751">
     <span class='ocr_line' id='line_1_29' title="bbox 152 3481 1299 3560; baseline -0.001 -18"><span class='ocrx_word' id='word_1_279' title='bbox 152 3485 191 3542; x_wconf 89' lang='grc'>69</span> <span class='ocrx_word' id='word_1_280' title='bbox 216 3481 307 3560; x_wconf 87' lang='lat' dir='ltr'>nuuc]</span> <span class='ocrx_word' id='word_1_281' title='bbox 333 3503 379 3542; x_wconf 88' lang='lat' dir='ltr'>me</span> <span class='ocrx_word' id='word_1_282' title='bbox 399 3484 572 3558; x_wconf 74' lang='lat' dir='ltr'>Quintiliani</span> <span class='ocrx_word' id='word_1_283' title='bbox 596 3505 619 3560; x_wconf 81' lang='grc' dir='ltr'><em>ῳ</em></span> <span class='ocrx_word' id='word_1_284' title='bbox 693 3482 1082 3554; x_wconf 70' lang='lat' dir='ltr'>73-111684ueucurr</span> <span class='ocrx_word' id='word_1_285' title='bbox 1151 3485 1191 3541; x_wconf 82' lang='grc'>75</span> <span class='ocrx_word' id='word_1_286' title='bbox 1211 3483 1299 3559; x_wconf 85' lang='lat' dir='ltr'>quive</span> 
     </span>
     <span class='ocr_line' id='line_1_30' title="bbox 150 3571 1299 3648; baseline 0.002 -19"><span class='ocrx_word' id='word_1_287' title='bbox 150 3572 228 3648; x_wconf 79' lang='lat' dir='ltr'>fuat,</span> <span class='ocrx_word' id='word_1_288' title='bbox 258 3591 403 3632; x_wconf 84' lang='lat' dir='ltr'>memores</span> <span class='ocrx_word' id='word_1_289' title='bbox 426 3575 532 3631; x_wconf 82' lang='lat' dir='ltr'>conieci</span> <span class='ocrx_word' id='word_1_290' title='bbox 555 3573 681 3646; x_wconf 75' lang='lat' dir='ltr'>exemplo</span> <span class='ocrx_word' id='word_1_291' title='bbox 703 3584 776 3632; x_wconf 86' lang='lat' dir='ltr'>usu-s</span> <span class='ocrx_word' id='word_1_292' title='bbox 799 3571 849 3631; x_wconf 92' lang='lat' dir='ltr'>III</span> <span class='ocrx_word' id='word_1_293' title='bbox 874 3573 939 3631; x_wconf 86' lang='lat'>608</span> <span class='ocrx_word' id='word_1_294' title='bbox 951 3590 1007 3645; x_wconf 67' lang='lat' dir='ltr'>su:</span> <span class='ocrx_word' id='word_1_295' title='bbox 1030 3573 1065 3644; x_wconf 80' lang='lat' dir='ltr'>cf.</span> <span class='ocrx_word' id='word_1_296' title='bbox 1084 3573 1159 3645; x_wconf 82' lang='lat' dir='ltr'>prol.</span> <span class='ocrx_word' id='word_1_297' title='bbox 1180 3573 1244 3632; x_wconf 88' lang='grc'><strong>364</strong></span> <span class='ocrx_word' id='word_1_298' title='bbox 1259 3590 1299 3645; x_wconf 77' lang='lat' dir='ltr'>sq.</span> 
     </span>
     <span class='ocr_line' id='line_1_31' title="bbox 150 3677 1209 3751; baseline -0.003 -13"><span class='ocrx_word' id='word_1_299' title='bbox 150 3677 302 3748; x_wconf 78' lang='lat' dir='ltr'>QVIDVD</span> <span class='ocrx_word' id='word_1_300' title='bbox 328 3678 462 3736; x_wconf 77' lang='lat' dir='ltr'><strong>FERAT</strong></span> <span class='ocrx_word' id='word_1_301' title='bbox 489 3677 685 3738; x_wconf 76' lang='lat' dir='ltr'>MEMORET</span> <span class='ocrx_word' id='word_1_302' title='bbox 708 3680 784 3747; x_wconf 84' lang='lat' dir='ltr'>libri,</span> <span class='ocrx_word' id='word_1_303' title='bbox 812 3678 947 3738; x_wconf 83' lang='lat' dir='ltr'>Servius:</span> <span class='ocrx_word' id='word_1_304' title='bbox 970 3677 1053 3751; x_wconf 69' lang='lat' dir='ltr'>cflX</span> <span class='ocrx_word' id='word_1_305' title='bbox 1078 3680 1139 3738; x_wconf 89' lang='grc'>149</span> <span class='ocrx_word' id='word_1_306' title='bbox 1151 3696 1209 3751; x_wconf 78' lang='lat' dir='ltr'>sqq.</span> 
     </span>
    </p>

    <p class='ocr_par' dir='ltr' id='par_1_11' title="bbox 148 3759 1299 4022">
     <span class='ocr_line' id='line_1_32' title="bbox 149 3759 1297 3846; baseline 0 -20"><span class='ocrx_word' id='word_1_307' title='bbox 149 3761 307 3826; x_wconf 71' lang='lat' dir='ltr'>‘memoret</span> <span class='ocrx_word' id='word_1_308' title='bbox 329 3786 405 3844; x_wconf 89' lang='lat' dir='ltr'>quae</span> <span class='ocrx_word' id='word_1_309' title='bbox 430 3768 471 3826; x_wconf 87' lang='lat' dir='ltr'>sit</span> <span class='ocrx_word' id='word_1_310' title='bbox 493 3768 603 3826; x_wconf 89' lang='lat' dir='ltr'>fiducia</span> <span class='ocrx_word' id='word_1_311' title='bbox 627 3762 726 3843; x_wconf 91' lang='lat' dir='ltr'>capto’</span> <span class='ocrx_word' id='word_1_312' title='bbox 751 3761 840 3845; x_wconf 81' lang='lat' dir='ltr'>(quac</span> <span class='ocrx_word' id='word_1_313' title='bbox 863 3769 973 3841; x_wconf 78' lang='lat' dir='ltr'>duplici</span> <span class='ocrx_word' id='word_1_314' title='bbox 994 3768 1077 3826; x_wconf 87' lang='lat' dir='ltr'>modo</span> <span class='ocrx_word' id='word_1_315' title='bbox 1100 3759 1297 3846; x_wconf 74' lang='lat' dir='ltr'>explicantur)</span> 
     </span>
     <span class='ocr_line' id='line_1_33' title="bbox 148 3857 1295 3930; baseline 0 -16"><span class='ocrx_word' id='word_1_316' title='bbox 148 3858 283 3916; x_wconf 84' lang='lat' dir='ltr'>...alii</span> <span class='ocrx_word' id='word_1_317' title='bbox 312 3876 474 3916; x_wconf 87' lang='lat' dir='ltr'>memorem</span> <span class='ocrx_word' id='word_1_318' title='bbox 497 3858 606 3930; x_wconf 74' lang='lat' dir='ltr'>lapsml,</span> <span class='ocrx_word' id='word_1_319' title='bbox 629 3862 662 3915; x_wconf 86' lang='lat' dir='ltr'>ul</span> <span class='ocrx_word' id='word_1_320' title='bbox 688 3860 726 3916; x_wconf 81' lang='lat' dir='ltr'>sil</span> <span class='ocrx_word' id='word_1_321' title='bbox 752 3875 870 3916; x_wconf 82' lang='lat' dir='ltr'>sensus:</span> <span class='ocrx_word' id='word_1_322' title='bbox 896 3857 1085 3915; x_wconf 75' lang='lat' dir='ltr'>hortabamur</span> <span class='ocrx_word' id='word_1_323' title='bbox 1114 3858 1153 3914; x_wconf 86' lang='lat' dir='ltr'>nd</span> <span class='ocrx_word' id='word_1_324' title='bbox 1183 3858 1295 3929; x_wconf 78' lang='lat' dir='ltr'>loquen-</span> 
     </span>
     <span class='ocr_line' id='line_1_34' title="bbox 148 3939 1299 4022; baseline 0 -19"><span class='ocrx_word' id='word_1_325' title='bbox 148 3947 217 4004; x_wconf 86' lang='lat' dir='ltr'>dum</span> <span class='ocrx_word' id='word_1_326' title='bbox 238 3964 390 4005; x_wconf 78' lang='lat' dir='ltr'>mensorem</span> <span class='ocrx_word' id='word_1_327' title='bbox 413 3989 421 4005; x_wconf 85' lang='lat'>.</span> <span class='ocrx_word' id='word_1_328' title='bbox 441 3991 473 4004; x_wconf 94' lang='lat'>..</span> <span class='ocrx_word' id='word_1_329' title='bbox 498 3947 543 4004; x_wconf 84' lang='lat' dir='ltr'>vel</span> <span class='ocrx_word' id='word_1_330' title='bbox 565 3945 675 4022; x_wconf 85' lang='lat' dir='ltr'>quidve</span> <span class='ocrx_word' id='word_1_331' title='bbox 699 3946 778 4004; x_wconf 84' lang='lat' dir='ltr'>ferat</span> <span class='ocrx_word' id='word_1_332' title='bbox 807 3939 964 4005; x_wconf 84' lang='lat' dir='ltr'>memoret&#39;</span> <span class='ocrx_word' id='word_1_333' title='bbox 987 3944 1114 4003; x_wconf 81' lang='lat' dir='ltr'>Seruius.</span> <span class='ocrx_word' id='word_1_334' title='bbox 1153 3950 1299 4003; x_wconf 86' lang='lat' dir='ltr'>memoret</span> 
     </span>
    </p>
   </div>
   <div class='ocr_carea' id='block_1_8' title="bbox 148 4034 1296 4198">
    <p class='ocr_par' dir='ltr' id='par_1_12' title="bbox 148 4034 1296 4198">
     <span class='ocr_line' id='line_1_35' title="bbox 148 4034 1296 4112; baseline -0.003 -19"><span class='ocrx_word' id='word_1_335' title='bbox 148 4039 301 4111; x_wconf 87' lang='lat' dir='ltr'>...capto</span> <span class='ocrx_word' id='word_1_336' title='bbox 327 4038 431 4109; x_wconf 80' lang='lat' dir='ltr'>spuria</span> <span class='ocrx_word' id='word_1_337' title='bbox 453 4036 553 4094; x_wconf 80' lang='lat' dir='ltr'>totuil</span> <span class='ocrx_word' id='word_1_338' title='bbox 575 4035 782 4108; x_wconf 80' lang='lat' dir='ltr'>Peerlkampns</span> <span class='ocrx_word' id='word_1_339' title='bbox 863 4037 949 4110; x_wconf 84' lang='lat' dir='ltr'>cepto</span> <span class='ocrx_word' id='word_1_340' title='bbox 971 4057 989 4112; x_wconf 73' lang='grc' dir='ltr'><em>χ</em></span> <span class='ocrx_word' id='word_1_341' title='bbox 1072 4035 1090 4091; x_wconf 88' lang='grc'>7</span> <span class='ocrx_word' id='word_1_342' title='bbox 1094 4036 1203 4093; x_wconf 86' lang='grc'><strong>4-76</strong></span> <span class='ocrx_word' id='word_1_343' title='bbox 1228 4034 1296 4091; x_wconf 90' lang='lat' dir='ltr'>hor-</span> 
     </span>
     <span class='ocr_line' id='line_1_36' title="bbox 150 4120 1295 4198; baseline -0.003 -17"><span class='ocrx_word' id='word_1_344' title='bbox 150 4126 251 4182; x_wconf 86' lang='lat' dir='ltr'>tamur</span> <span class='ocrx_word' id='word_1_345' title='bbox 341 4126 423 4183; x_wconf 88' lang='lat' dir='ltr'>fatur</span> <span class='ocrx_word' id='word_1_346' title='bbox 445 4125 619 4198; x_wconf 75' lang='lat' dir='ltr'>inlepolula</span> <span class='ocrx_word' id='word_1_347' title='bbox 641 4125 774 4184; x_wconf 81' lang='lat' dir='ltr'>videnlur</span> <span class='ocrx_word' id='word_1_348' title='bbox 797 4120 938 4183; x_wconf 78' lang='lat' dir='ltr'>Keilclac</span> <span class='ocrx_word' id='word_1_349' title='bbox 1045 4124 1084 4181; x_wconf 89' lang='grc'><strong>76</strong></span> <span class='ocrx_word' id='word_1_350' title='bbox 1101 4147 1142 4169; x_wconf 94' lang='lat'>=</span> <span class='ocrx_word' id='word_1_351' title='bbox 1161 4121 1208 4179; x_wconf 89' lang='grc' dir='ltr'>ΠΙ</span> <span class='ocrx_word' id='word_1_352' title='bbox 1233 4124 1295 4180; x_wconf 80' lang='grc'>612</span> 
     </span>
    </p>
   </div>
   <div class='ocr_carea' id='block_1_9' title="bbox 149 4203 1401 4291">
    <p class='ocr_par' dir='ltr' id='par_1_13' title="bbox 149 4203 1401 4291">
     <span class='ocr_line' id='line_1_37' title="bbox 149 4203 1401 4291; baseline -0.002 -21"><span class='ocrx_word' id='word_1_353' title='bbox 149 4230 204 4271; x_wconf 81' lang='lat' dir='ltr'>orn.</span> <span class='ocrx_word' id='word_1_354' title='bbox 227 4213 301 4291; x_wconf 77' lang='lat' dir='ltr'>Pyt,</span> <span class='ocrx_word' id='word_1_355' title='bbox 332 4215 395 4272; x_wconf 85' lang='lat' dir='ltr'>ima</span> <span class='ocrx_word' id='word_1_356' title='bbox 423 4203 491 4287; x_wconf 71' lang='lat' dir='ltr'>pay&#39;.</span> <span class='ocrx_word' id='word_1_357' title='bbox 520 4215 621 4272; x_wconf 79' lang='lat' dir='ltr'>littaris</span> <span class='ocrx_word' id='word_1_358' title='bbox 654 4216 785 4273; x_wconf 79' lang='lat' dir='ltr'>miniatis</span> <span class='ocrx_word' id='word_1_359' title='bbox 817 4215 883 4272; x_wconf 83' lang='lat' dir='ltr'>odd.</span> <span class='ocrx_word' id='word_1_360' title='bbox 914 4213 964 4287; x_wconf 87' lang='lat' dir='ltr'>M,</span> <span class='ocrx_word' id='word_1_361' title='bbox 996 4214 1127 4284; x_wconf 71' lang='lat' dir='ltr'>margrinc</span> <span class='ocrx_word' id='word_1_362' title='bbox 1159 4212 1297 4283; x_wconf 66' lang='lat' dir='ltr'>inferiore</span> <span class='ocrx_word' id='word_1_363' title='bbox 1397 4259 1401 4267; x_wconf 93' lang='lat'>.</span> 
     </span>
    </p>
   </div>
   <div class='ocr_carea' id='block_1_10' title="bbox 150 4298 1298 4539">
    <p class='ocr_par' dir='ltr' id='par_1_14' title="bbox 150 4298 1298 4539">
     <span class='ocr_line' id='line_1_38' title="bbox 150 4298 1298 4379; baseline 0.002 -20"><span class='ocrx_word' id='word_1_364' title='bbox 150 4302 216 4361; x_wconf 84' lang='lat' dir='ltr'>add.</span> <span class='ocrx_word' id='word_1_365' title='bbox 236 4320 264 4379; x_wconf 84' lang='lat' dir='ltr'>a,</span> <span class='ocrx_word' id='word_1_366' title='bbox 294 4304 442 4375; x_wconf 73' lang='lat' dir='ltr'>asperiora</span> <span class='ocrx_word' id='word_1_367' title='bbox 464 4304 489 4375; x_wconf 84' lang='lat' dir='ltr'>b,</span> <span class='ocrx_word' id='word_1_368' title='bbox 513 4305 546 4360; x_wconf 87' lang='lat' dir='ltr'>in</span> <span class='ocrx_word' id='word_1_369' title='bbox 573 4321 632 4361; x_wconf 84' lang='lat' dir='ltr'>ras.</span> <span class='ocrx_word' id='word_1_370' title='bbox 659 4322 697 4362; x_wconf 81' lang='lat' dir='ltr'>ra.</span> <span class='ocrx_word' id='word_1_371' title='bbox 725 4321 780 4362; x_wconf 86' lang='lat' dir='ltr'>rec.</span> <span class='ocrx_word' id='word_1_372' title='bbox 805 4322 833 4362; x_wconf 91' lang='lat' dir='ltr'>c:</span> <span class='ocrx_word' id='word_1_373' title='bbox 855 4320 914 4360; x_wconf 86' lang='lat' dir='ltr'>uon</span> <span class='ocrx_word' id='word_1_374' title='bbox 941 4304 1146 4373; x_wconf 69' lang='lat' dir='ltr'>interpretatur</span> <span class='ocrx_word' id='word_1_375' title='bbox 1171 4298 1298 4361; x_wconf 71' lang='lat' dir='ltr'>Seruius</span> 
     </span>
     <span class='ocr_line' id='line_1_39' title="bbox 150 4387 627 4450; baseline 0.006 -3"><span class='ocrx_word' id='word_1_376' title='bbox 150 4387 334 4449; x_wconf 83' lang='lat' dir='ltr'>Advorsalur</span> <span class='ocrx_word' id='word_1_377' title='bbox 355 4392 422 4449; x_wconf 80' lang='lat' dir='ltr'>huic</span> <span class='ocrx_word' id='word_1_378' title='bbox 444 4393 541 4449; x_wconf 77' lang='lat' dir='ltr'>versui</span> <span class='ocrx_word' id='word_1_379' title='bbox 566 4393 627 4450; x_wconf 88' lang='grc'>107</span> 
     </span>
     <span class='ocr_line' id='line_1_40' title="bbox 1029 4488 1084 4539; baseline 0 0"><span class='ocrx_word' id='word_1_380' title='bbox 1029 4488 1084 4539; x_wconf 81' lang='grc'>18*</span> 
     </span>
    </p>
   </div>
   <div class='ocr_carea' id='block_1_11' title="bbox 0 0 1528 4972">
    <p class='ocr_par' dir='ltr' id='par_1_15' title="bbox 0 0 1528 4972">
     <span class='ocr_line' id='line_1_41' title="bbox 0 0 1528 4972; baseline 0 1"><span class='ocrx_word' id='word_1_381' title='bbox 0 0 1528 4972; x_wconf 95' lang='lat' dir='ltr'> </span> 
     </span>
    </p>
   </div>
  </div>
 </body>
</html>
