3006 4972
245 362 309 426 144
599 362 747 417 VERGILI
765 361 973 419 GEORGICON
992 364 1031 417 III

309 525 370 589 hoa
392 526 529 612 faciunt,
551 527 651 591 nimio
675 550 715 591 ne
738 528 816 592 luxu
841 528 1011 592 obtunsior
1034 549 1111 592 usus
1334 546 1387 593 136

310 634 353 697 sit
377 633 510 719 genitali
534 656 611 698 arvo
635 639 667 700 et
691 635 796 699 sulcos
821 635 954 699 oblimet
976 635 1104 722 inertis,

310 744 359 805 set
381 742 487 825 rapiat
511 742 624 806 sitiens
647 740 805 807 Venerem
827 743 1026 828 interiusque
1049 741 1208 807 recondat.

353 883 480 950 Rursus
503 908 579 950 cura
602 889 732 970 patrum
755 885 864 950 cadere
888 890 920 950 et
944 885 1109 950 succedere
1131 890 1271 950 matrum

309 992 430 1076 incipit.
478 993 598 1058 exactis
622 992 771 1078 gravidm
794 1014 867 1057 cum
889 992 1053 1057 mensibus
1077 997 1199 1080 errant,

308 1123 374 1165 non
396 1100 469 1165 illas
493 1100 646 1186 gravibus
670 1101 841 1185 quisquam
864 1101 940 1186 iuga
963 1099 1076 1165 ducere
1098 1101 1267 1187 plaustris,
1333 1119 1386 1167 140

307 1230 374 1272 non
397 1208 482 1272 saltu
506 1229 656 1292 superare
680 1208 765 1272 uiam
788 1208 832 1272 sit
854 1229 969 1292 passus
992 1211 1025 1272 et
1049 1207 1113 1271 acri

309 1336 436 1399 carpere
459 1319 553 1398 prata
575 1315 655 1400 fuga
678 1314 858 1398 fluviosque
880 1315 991 1379 innare
1014 1314 1147 1398 rapacis.

310 1422 447 1487 saltibus
471 1422 506 1485 in
528 1422 637 1486 vacuis
659 1426 796 1506 pascunt
819 1425 851 1485 et
874 1420 968 1506 plena
992 1422 1163 1486 secundum

307 1529 455 1615 flumina,
477 1551 605 1594 muscus
629 1529 685 1593 ubi
709 1534 741 1594 et
764 1529 961 1593 viridissima
983 1530 1126 1615 gramine
1150 1530 1233 1616 ripa,

310 1637 540 1721 speluncaeque
563 1641 675 1722 tegant
698 1641 730 1701 et
754 1659 848 1701 saxea
871 1637 1026 1721 procubet
1049 1638 1171 1702 umbra.
1336 1657 1385 1704 143

309 1749 358 1808 331
380 1744 469 1808 lucos
494 1742 590 1808 Silari
614 1745 696 1809 circa
718 1744 909 1830 ilicibusque
931 1745 1087 1810 virentem

307 1850 464 1935 plurimus
488 1849 672 1915 Alburnum
695 1852 849 1939 uolitans,
872 1852 949 1937 quoi
972 1875 1090 1917 nomen
1112 1853 1193 1917 asilo

327 2010 494 2046 nasamonas.
542 1997 593 2047 136
608 2010 648 2061 sq.
673 1990 865 2059 Quintilianus
882 1991 948 2046 Vlll
967 1997 991 2061 6,
1008 1997 1023 2045 8
1044 1993 1108 2046 ‘hoc
1128 2034 1134 2046 .
1151 2035 1179 2047 ..
1199 1993 1277 2046 arvo’
1312 1997 1384 2048 Acro

239 2061 304 2119 Hor.
329 2063 410 2133 epod.
426 2069 467 2133 13,
483 2068 516 2116 13
581 2063 679 2118 ‘nimio
744 2106 750 2118 .
770 2065 848 2118 arvc'
876 2063 981 2118 Donati
1000 2081 1045 2117 ars
1064 2063 1102 2119 IV
1121 2062 1217 2118 40111.
1284 2063 1384 2119 ‘nimio

239 2178 245 2190 .
262 2178 268 2190 .
284 2179 290 2190 .
305 2134 416 2188 inertie’
437 2135 586 2190 Diomedes
601 2135 613 2188 I
628 2135 720 2189 46011,
734 2134 885 2205 Pompeius
896 2135 920 2189 V
930 2140 982 2188 308
994 2135 1025 2190 K.
1040 2134 1120 2189 Beda
1133 2135 1168 2189 de
1184 2134 1273 2204 tropis
1289 2141 1340 2190 383
1351 2136 1381 2192 O.

309 2212 360 2260 136
384 2205 419 2260 cf.
438 2207 545 2265 Probus
565 2212 607 2274 64,
628 2212 660 2260 11
691 2205 827 2276 ‘genitale
854 2208 962 2260 arvum’
992 2205 1167 2276 Augustinus
1196 2207 1231 2260 de
1259 2206 1310 2262 civ.
1338 2208 1384 2262 dei

237 2277 302 2331 XIV
320 2283 354 2331 39
427 2277 559 2332 ‘oblimat
577 2278 708 2332 inermes’
730 2278 843 2333 Servius
861 2278 929 2331 Aen.
946 2277 996 2330 Xll
1015 2283 1067 2331 370
1150 2283 1201 2332 138
1212 2296 1252 2347 sq.
1275 2281 1383 2333 ‘rursus

237 2391 270 2404 ..
292 2392 298 2405 .
320 2347 431 2418 incipit’
460 2349 653 2419 Philargyrius
681 2365 724 2418 ge.
748 2348 788 2402 Ill
811 2353 863 2403 484
972 2353 1022 2403 138
1052 2351 1158 2403 ‘rursus
1183 2392 1189 2405 .
1210 2396 1216 2406 .
1237 2393 1243 2405 .
1268 2351 1380 2406 cadcrc’

236 2419 345 2474 Nonius
364 2425 424 2489 384,
440 2426 475 2473 30
548 2426 598 2474 139
619 2421 736 2475 ‘exactis
752 2463 758 2476 .
774 2461 780 2474 .
796 2464 801 2475 .
817 2422 922 2475 errant’
948 2420 1055 2474 Nonius
1074 2427 1135 2489 301,
1151 2427 1185 2475 34
1205 2421 1317 2477 Servius
1336 2440 1381 2495 gc.

236 2492 320 2546 1433
411 2497 460 2545 141
492 2493 554 2546 ‘nec
582 2493 656 2546 saltu
685 2510 706 2548 s.
734 2511 760 2547 v.
788 2510 809 2547 s.
838 2493 948 2561 passus’
978 2492 1170 2562 Philargyrius
1198 2510 1242 2563 ge.
1264 2494 1304 2547 Ill
1331 2499 1383 2548 143

309 2569 359 2617 141
370 2581 411 2631 sq.
433 2565 474 2617 ‘ct
487 2563 546 2618 acri
617 2564 697 2633 fuga'
719 2563 826 2618 Nonius
841 2570 902 2632 353,
918 2569 949 2616 11
1024 2570 1075 2617 143
1090 2564 1140 2619 ult.
1157 2565 1220 2633 syll.
1235 2565 1274 2619 IV
1289 2567 1381 2622 334Κ.

238 2640 289 2688 143
299 2652 340 2704 sq.
360 2634 492 2689 ‘saltibus
507 2678 513 2689 .
529 2678 535 2691 .
552 2634 699 2690 ,fiumina’
721 2634 828 2688 Nonius
847 2640 909 2703 387,
925 2639 948 2689 7.
968 2640 1029 2703 389,
1043 2640 1076 2688 31
1135 2637 1301 2705 ‘pascuntur
1314 2654 1381 2692 vero

238 2706 324 2760 silvas
353 2709 383 2761 et
408 2706 495 2775 plana
521 2706 673 2760 secundum
696 2706 823 2761 flumina’
854 2708 900 2773 (cs.
919 2723 946 2759 v.
966 2710 1030 2776 314)
1058 2706 1166 2760 Nonius
1195 2713 1255 2777 331,
1278 2713 1312 2762 33

239 2783 290 2831 143
315 2779 412 2832 ‘saxea
434 2796 462 2847 p.
486 2778 596 2831 umbra'
622 2777 734 2832 Servius
760 2777 941 2832 Aenll410
1033 2783 1173 2832 146-130
1194 2780 1250 2834 ‘est
1268 2822 1275 2834 .
1291 2823 1319 2836 ..
1340 2798 1384 2834 ar·

237 2850 344 2903 menta'
365 2849 471 2904 Seneca
485 2849 566 2918 epist.
583 2853 625 2919 38,
641 2855 656 2902 3
730 2853 870 2903 146-148
889 2848 1129 2919 Ρ13111361,7Κ.
1204 2856 1254 2905 147
1264 2868 1305 2920 sq.
1326 2852 1384 2908 ‘cui

238 2921 359 2977 ...est'
380 2920 415 2975 de
434 2920 538 2976 schem.
558 2921 610 2976 lex.
630 2940 657 2990 p.
672 2926 706 2974 36
717 2920 752 2975 H.
844 2925 894 2974 147
919 2919 1031 2976 Servius
1049 2922 1119 2978 Aen.
1133 2922 1172 2977 VI
1191 2928 1242 2976 339
1263 2924 1382 2993 exempl.

239 2992 300 3046 cod.
315 2991 380 3047 Vat.
399 2991 478 3047 4011.

241 3087 373 3094 -..-.-,.

326 3143 420 3184 131111
443 3144 564 3185 anemo.
614 3096 769 3186 1351311
794 3126 968 3186 bfluxucl
1039 3125 1265 3188 OBTONSIOR
1284 3130 1313 3187 P
1332 3130 1383 3188 ob·

237 3216 352 3274 tunsior
372 3209 407 3295 (n
426 3208 551 3297 erae.)y
574 3216 773 3275 obtuliorb
867 3219 928 3277 136
953 3215 1282 3277 SVLCOSVBLIMET
1306 3221 1380 3298 Myr
1457 3299 1461 3305 ⁸

327 3306 438 3364 inertes
467 3324 482 3363 a
572 3305 696 3365 oblimat
728 3305 857 3364 inermos
889 3305 1008 3367 Seruius
1039 3305 1113 3366 Aen.
1140 3307 1199 3365 ΧΠ
1229 3309 1294 3368 370

241 3396 301 3453 141
326 3413 380 3453 nec
403 3395 607 3469 Pbilarpyrius
686 3392 839 3453 SALTVS
863 3395 930 3453 MR
1012 3395 1247 3455 SVPERALTE
1271 3399 1298 3455 P

239 3482 338 3542 AGRI
360 3485 389 3542 R
412 3483 477 3562 agri
502 3479 537 3561 (g
561 3501 644 3551 erar..
668 3501 684 3541 c
707 3477 802 3559 supr.)
821 3507 840 3563 γ
863 3485 924 3543 acri
947 3487 979 3545 in
1000 3504 1061 3546 ras.
1085 3488 1101 3546 b
1208 3489 1270 3545 142
1294 3506 1381 3563 rapa·

240 3574 289 3631 ces
299 3592 340 3651 γε,
360 3576 435 3641 ilem,
453 3574 503 3633 sea
518 3573 566 3631 ces
577 3575 608 3632 in
625 3591 684 3632 ras.
704 3573 721 3632 b
791 3575 853 3632 143
872 3573 1056 3634 PASOUNT
1076 3568 1117 3654 (A
1133 3594 1225 3650 aapra
1239 3575 1267 3633 U
1285 3569 1382 3659 rubr.)

238 3663 275 3720 M
293 3663 530 3741 ρ3133111γ3033,
545 3662 636 3720 Nonii
654 3683 678 3736 φ
741 3666 906 3737 pascuntur
924 3684 995 3725 vero
1010 3665 1101 3725 silvas
1117 3668 1147 3723 ct
1162 3666 1253 3741 plana
1266 3658 1383 3753 Nortiae

238 3753 315 3811 531:
338 3752 428 3827 plena
445 3751 564 3811 Servius
582 3755 608 3809 et
625 3751 710 3812 schol.
724 3751 816 3812 Bern.
909 3756 970 3813 144
996 3753 1181 3813 GRAMINA
1204 3754 1327 3814 RIPAE
1346 3757 1383 3814 M

236 3841 371 3917 gramine
394 3841 461 3934 ripa
484 3832 515 3921 (e
534 3842 565 3899 in
587 3831 662 3922 ras.)
682 3841 699 3898 b
766 3842 826 3902 Hic
848 3845 880 3902 in
901 3863 956 3919 ma.
981 3842 1034 3922 (13,
1057 3849 1089 3903 nt
1112 3845 1151 3904 ad
1173 3862 1287 3905 narsum
1310 3848 1382 3921 170,

237 3987 477 4059 transpositorum
491 4000 627 4042 versuum
645 3986 795 4065 siynumy
878 3988 940 4046 145
964 3924 1166 4047 PROlvEGIlET
1185 3979 1226 4067 (Α
1245 4005 1338 4062 supra
1352 3980 1382 4070 1)

237 4074 288 4133 M:
320 4074 354 4148 cs.
379 4073 409 4131 Il
433 4074 496 4133 489
521 4073 690 4149 procumbit
711 4077 786 4154 ylcl
817 4077 961 4151 procubet
988 4076 1107 4136 Seruius
1134 4081 1159 4136 et
1183 4077 1266 4137 schol.
1290 4077 1382 4137 Rern.

328 4216 500 4276 146-162
524 4216 556 4274 F
653 4219 714 4277 146
744 4158 870 4277 11170118
894 4217 933 4275 Μ
963 4217 1091 4277 LVOVS
1116 4219 1248 4278 FRblcl
1279 4220 1380 4279 lucum

237 4304 345 4364 Seneca
430 4304 561 4364 SILERI
581 4298 623 4387 (A
642 4299 776 4384 3311161
795 4306 907 4365 ILARI
930 4308 959 4365 P
1045 4306 1136 4384 circa]
1164 4308 1248 4368 iuxta
1274 4309 1383 4369 Seneca

304 4396 366 4452 147
388 4392 456 4453 cvl
470 4394 613 4475 MPRybc
680 4392 810 4454 ASYLO
825 4396 869 4454 Pb
884 4396 958 4455 asilo
974 4400 1019 4456 est
1033 4397 1151 4458 Servius
1164 4396 1239 4458 Aen.
1258 4398 1302 4456 VI
1319 4401 1381 4460 239
