3052 4972
647 372 796 428 VERGILI
813 372 946 428 AENEIS
965 373 990 426 V
1018 410 1020 416 ·

316 541 453 625 septima
475 559 535 622 pos
558 537 673 607 Troiae
696 537 855 602 excidium
876 537 942 601 iam
964 536 1103 603 vertitur
1125 541 1241 623 aeetae,

305 670 388 713 -eum
411 647 504 733 freta,
526 668 599 716 cum
622 649 725 709 terras
749 644 865 730 omnis,
887 647 939 709 tot
960 643 1127 729 inhospita
1150 666 1227 708 saxa
1264 713 1266 718 ,
1375 726 1382 739 .

317 754 483 837 sideraque
506 773 652 817 emensae
674 752 819 838 ferimur,
842 751 918 817 dum
940 773 998 835 per
1020 772 1108 815 mare
1131 772 1284 837 magnum

316 853 445 925 Italiam
468 858 632 943 sequimur
654 858 832 943 fugientem
855 863 888 922 et
910 858 1070 922 volvimur
1093 857 1196 923 undis.

316 968 369 1033 hie
392 967 507 1052 Erycis
530 966 611 1031 fines
634 965 768 1030 fraterni
792 967 888 1049 atque
910 965 1028 1049 hospes
1051 965 1198 1031 Acestes:
1345 985 1400 1035 636

318 1076 390 1161 quis
413 1073 565 1158 prohibet
587 1094 697 1138 muros
720 1072 822 1137 iacere
846 1076 879 1136 et
902 1071 976 1136 dare
1000 1072 1124 1137 civibus
1148 1073 1284 1140 urbem?

318 1204 337 1246 o
360 1182 466 1266 patria
488 1185 521 1246 et
543 1181 629 1264 rapti
651 1180 848 1264 nequiquam
870 1201 909 1243 ex
931 1179 1026 1244 hoste
1049 1184 1191 1267 penates,

317 1288 448 1361 nullane
471 1289 535 1353 iam
558 1287 673 1352 'Itoiae
696 1287 842 1352 dicentur
865 1286 1015 1352 moenia?
1037 1308 1197 1371 nusquam

318 1395 495 1461 Hectoreos
519 1394 623 1460 amnis
646 1393 814 1459 Xanthum
836 1398 868 1458 et
892 1391 1059 1459 Simoenta
1080 1394 1217 1459 videbo?

319 1503 398 1588 quin
421 1502 507 1588 agita
530 1506 563 1566 et
585 1524 710 1567 mecum
732 1501 891 1566 infaustas
915 1500 1038 1566 exurite
1060 1501 1188 1586 puppis.
1347 1519 1401 1568 636

318 1632 393 1679 nam
416 1609 497 1673 mihi
520 1607 718 1674 Cassandrae
740 1630 797 1692 per
821 1630 970 1673 somnum
992 1608 1077 1673 vatis
1101 1609 1207 1694 imago

320 1716 461 1784 ardentis
484 1716 559 1780 dare
582 1717 652 1780 risa
674 1716 772 1781 facee:
795 1715 866 1802 „hic
889 1712 1033 1800 quaerite
1056 1714 1196 1801 Troiam,

320 1824 373 1888 hic
396 1823 510 1887 domus
533 1822 601 1887 eet“
616 1822 731 1907 inquit
753 1821 891 1909 „vobis“.
937 1823 1002 1887 iam
1024 1826 1153 1906 tempus
1176 1823 1229 1908 agi
1252 1845 1314 1909 res,

320 1930 502 2001 nectentis
525 1952 617 1995 mora
638 1930 804 2015 prodigiis.
851 1952 891 1994 en
915 1933 1069 2014 quattuor
1092 1952 1164 1994 arae

321 2034 488 2121 Neptun03
511 2036 588 2101 deus
611 2036 680 2121 ipse
703 2038 788 2102 faces
811 2037 1014 2121 animamque
1036 2036 1223 2102 ministrat?
1286 2088 1294 2104 .
1351 2055 1406 2106 640

320 2141 400 2207 haee
421 2164 603 2209 memorans
625 2145 731 2228 prima
753 2145 914 2210 infensum
937 2144 969 2207 vi
993 2143 1128 2228 corripit
1150 2143 1258 2229 ignem

345 2407 512 2445 marmorum.
550 2395 602 2444 626
621 2390 781 2445 Macrobius
800 2390 859 2445 Sat.
874 2390 953 2457 tva,
970 2396 1001 2445 16
1075 2396 1127 2446 629
1145 2390 1223 2446 Beda
1236 2390 1289 2446 VH
1307 2396 1358 2446 261
1370 2392 1405 2448 Κ.

257 2459 381 2514 ‘Italiam
405 2503 411 2515 .
436 2504 442 2515 .
467 2504 474 2516 .
498 2460 648 2516 volvimur’
675 2461 810 2517 Sacerdos
828 2461 867 2514 VI
886 2461 980 2517 61111.
1038 2461 1160 2516 ‘Italiam
1188 2480 1209 2519 a.
1233 2462 1265 2519 f.’
1291 2463 1406 2518 Servius

256 2531 325 2586 Aen.
336 2530 375 2584 IV
384 2537 434 2586 361
509 2538 561 2587 632
572 2550 633 2602 sqq.
650 2531 684 2588 cf.
696 2533 869 2587 Secundinus
887 2533 922 2586 ad
937 2533 1127 2603 Augustinum
1142 2533 1170 2589 C.
1183 2535 1212 2588 E.
1224 2533 1301 2588 XXV
1315 2552 1342 2604 p.
1352 2540 1407 2590 336

329 2607 380 2656 632
395 2603 556 2660 Macrobius
569 2604 627 2659 Sat.
638 2604 676 2658 VI
692 2610 716 2673 6,
731 2610 764 2658 16
837 2608 889 2658 636
903 2604 1030 2659 Donatus
1044 2605 1106 2661 Ter.
1122 2604 1234 2673 adelph.
1244 2602 1270 2659 V
1280 2609 1305 2674 6,
1317 2611 1333 2658 6

257 2678 309 2728 666
330 2673 398 2728 ‘iam
418 2718 423 2729 .
445 2717 451 2729 .
472 2718 477 2730 .
498 2676 552 2729 res’
573 2675 739 2730 Consentius
754 2675 779 2730 V
793 2676 888 2729 37311.
912 2675 1023 2730 Servius
1042 2692 1138 2746 georg.
1153 2676 1227 2732 11⁶⁷
1300 2682 1353 2731 639
1363 2696 1406 2747 sq.

258 2746 307 2799 ‘en
326 2787 332 2801 .
354 2788 359 2799 .
381 2788 387 2801 .
408 2747 551 2816 Neptuno’
573 2745 659 2800 schol.
674 2745 756 2802 Bern.
771 2744 821 2801 ecl.
838 2746 902 2801 VIII
917 2752 950 2800 76

346 2985 441 3026 vuum
458 2985 579 3028 nuorro.
619 2971 682 3029 626
703 2962 843 3045 ‘septima
861 3015 866 3028 .
883 3015 889 3028 .
905 3014 912 3028 .
931 2973 1013 3045 atqui
1030 2975 1056 3031 66
1072 2970 1152 3031 Dido
1170 2972 1244 3030 dicit
1263 2962 1291 3049 (1
1310 2962 1405 3051 766);

256 3078 326 3118 nam
344 3061 376 3118 te
394 3057 455 3116 iam
474 3058 602 3133 septima
620 3061 722 3134 portat
741 3102 770 3117 ..
789 3061 1023 3120 6661666666
1040 3061 1254 3135 6666666666
1272 3063 1405 3119 octavam

255 3149 361 3221 faisse
392 3149 467 3220 6666
494 3152 520 3206 et
546 3149 583 3207 66
610 3144 757 3208 Anchisae
783 3155 873 3208 morte
899 3150 1009 3209 iudicat
1036 3167 1132 3209 66666
1158 3149 1290 3223 inpletus.
1316 3146 1405 3224 ’6666

257 3241 368 3298 coastat
380 3239 575 3312 qaaestionem
587 3238 662 3297 6666
675 3255 766 3296 unam
780 3256 839 3298 aesc
853 3239 887 3297 de
900 3240 1110 3307 insolubilitas,
1125 3257 1199 3313 6666
1211 3255 1271 3297 noa
1284 3239 1406 3297 dubium

258 3330 299 3386 est
326 3327 544 3385 anecdotorum
571 3327 662 3399 foisse
691 3320 861 3402 Verpda'am’
889 3326 1021 3387 Seuius:
1049 3330 1085 3401 cs.
1109 3329 1204 3387 Ledus
1226 3325 1318 3386 Arist.
1339 3328 1404 3388 226

251 3417 331 3490 prol.
346 3417 434 3488 7766.
496 3414 644 3491 postroiae
659 3418 722 3485 616,
738 3416 833 3476 Socii
846 3416 937 3476 Rern.
952 3437 972 3477 6
985 3415 1238 3477 POSTTROIAII
1253 3416 1405 3494 MPRyea

393 3514 401 3553 1

326 3556 446 3616 aridum
463 3560 501 3636 72
526 3557 651 3618 exitium
669 3562 707 3638 71
808 3559 871 3616 627
900 3559 1001 3616 omues
1021 3577 1036 3617 6
1126 3561 1189 3618 628
1218 3559 1309 3618 litora
1333 3562 1406 3619 roni.

258 3641 388 3706 11766666
420 3646 518 3708 sidera
549 3653 669 3708 testatur
700 3647 819 3707 6666666
889 3646 1014 3706 ferimus
1039 3649 1074 3706 61
1105 3647 1283 3707 TVLIMVS
1308 3648 1339 3707 R

263 3809 324 3867 631
351 3745 425 3877 QUi3
451 3809 491 3866 Μ
512 3804 609 3877 QVID
629 3807 675 3866 Rc
765 3807 827 3865 632
853 3803 897 3882 et]
923 3824 939 3865 o
963 3807 1110 3868 Macrobii
1133 3809 1250 3882 6666666.
1341 3811 1405 3869 633

260 3895 463 3967 NVMQVAM
482 3897 512 3955 R
602 3898 665 3955 634
685 3895 787 3954 amnes
799 3897 815 3954 6
833 3894 1016 3954 MANESR
1106 3898 1168 3957 635
1188 3897 1335 3957 infaustas
1351 3888 1407 3978 (uu

260 4057 274 4098 e
297 4029 422 4120 carry
489 4036 641 4097 avarus
659 4037 749 4116 Payc
770 4006 897 4114 pepusa
989 4042 1051 4100 aaa
1071 4032 1343 4122 MJ(H1sup.)P

260 4148 313 4204 per
336 4146 473 4188 somnum
497 4124 730 4185 Cassandream
821 4130 883 4188 637
911 4127 1040 4188 1v1ssA
1057 4129 1087 4187 P
1174 4130 1237 4189 638
1261 4129 1358 4189 AGIT
1377 4131 1408 4191 R

261 4217 312 4294 agi
335 4221 476 4276 testantur
494 4203 665 4275 Consentius
688 4220 714 4274 et
731 4216 850 4276 6666666
941 4220 1005 4278 640
1027 4218 1167 4294 Neptuno
1192 4211 1224 4297 (o
1248 4237 1262 4278 6
1280 4209 1368 4298 corr.)
1389 4243 1408 4298 y

327 4305 492 4365 ANIMAM
505 4305 549 4363 R:
568 4307 604 4378 cf.
614 4303 688 4364 VIII
705 4306 768 4366 403
788 4306 891 4365 animi
910 4299 946 4386 (n
965 4310 996 4366 in
1013 4300 1088 4386 roe.)
1104 4310 1120 4367 6
1135 4307 1298 4366 ANIMVM
1311 4309 1409 4388 MPyc

261 4396 412 4454 flammam
437 4393 531 4454 Venet.
549 4397 627 4454 m.2
719 4397 781 4454 641
806 4395 945 4454 infossum
965 4400 999 4454 cl
