3038 4966
531 361 677 420 vanarn
698 361 830 418 ansuis
844 362 870 417 X
1208 360 1273 427 405

193 530 358 592 tartunam
382 529 478 611 atque
497 525 582 592 viam
605 526 677 591 duri
699 549 756 611 per
779 532 891 611 peetus
914 527 1054 594 Halaesi.

193 635 272 699 haec
295 657 383 698 arma
405 634 600 717 exuviasque
623 634 685 697 viri
708 638 766 697 tua
789 656 924 718 quercus
947 634 1101 699 habebit?

193 741 295 804 audiit
318 742 375 805 illa
397 741 488 805 deus:
512 741 588 804 dum
610 741 692 804 texit
715 739 847 806 Imaona
869 740 1038 827 Halaesae,

192 846 329 911 Arcadio
353 848 466 911 infelix
489 847 554 911 telo
578 847 633 910 dat
656 851 767 931 pectus
791 847 956 912 inermum.

192 959 226 1017 at
249 974 316 1018 non
338 954 431 1019 caede
454 955 515 1018 viri
538 957 630 1017 tanta
653 955 824 1038 perterrita
847 954 982 1041 Lausus,

192 1083 266 1143 pars
290 1060 404 1145 ingens
428 1060 515 1146 belli,
538 1060 615 1124 sinit
640 1060 781 1144 agmina:
809 1060 932 1144 primus
955 1060 1117 1123 Abantem

193 1167 380 1251 oppositum
402 1167 575 1251 interemit,
597 1187 724 1251 pugnae
747 1167 930 1251 nodumque
953 1187 1147 1249 moramque.

193 1274 348 1337 sternitur
371 1274 526 1338 Arcadiae
549 1275 666 1359 proles,
688 1277 878 1338 sternuntur
900 1273 1031 1354 Etrusci

195 1384 226 1443 et
250 1401 317 1465 vos,
340 1402 358 1443 o
383 1378 478 1443 Grais
502 1379 662 1464 inperdita
685 1401 830 1466 corpora,
851 1379 973 1444 Teucri.
1220 1396 1272 1444 430

193 1494 322 1572 agmina
345 1491 540 1550 concurrunt
563 1486 762 1570 ducibusque
786 1490 818 1549 et
841 1487 965 1590 viribus
989 1486 1108 1570 aequis.

193 1594 326 1658 extremi
349 1593 524 1658 addensent
548 1594 631 1658 acies
653 1615 711 1658 neo
733 1593 830 1657 turba
854 1595 974 1658 moveri

191 1701 256 1764 tela
278 1722 456 1784 manusque
480 1699 566 1764 sinit.
613 1697 688 1762 hinc
711 1697 818 1762 Pallas
837 1699 939 1763 instat
962 1704 994 1762 et
1018 1704 1122 1784 urget,

191 1808 266 1872 hinc
289 1811 402 1871 eontra
425 1804 559 1890 Lausus,
582 1826 640 1869 nec
664 1806 802 1868 multum
825 1805 984 1888 discrepat
1008 1811 1109 1869 aetas:

192 1914 313 1999 egregii
336 1914 450 1996 forma,
473 1916 522 1976 set
546 1911 619 1995 quis
642 1910 787 1975 Fortuna
809 1917 943 1997 negarat
1220 1929 1272 1978 433

192 2023 226 2085 in
248 2020 388 2104 patriam
411 2019 543 2083 reditus.
589 2018 678 2101 ipsos
701 2041 889 2084 concurrere
912 2041 1027 2104 passus

191 2128 270 2192 haut
293 2131 402 2190 tamen
424 2127 509 2189 inter
533 2147 566 2189 se
588 2126 698 2210 magni
721 2131 873 2211 regnator
897 2125 1039 2211 Olympi:

194 2256 269 2299 mox
293 2234 366 2298 illos
391 2256 449 2297 sua
471 2233 539 2296 fata
561 2238 692 2297 manent
714 2234 835 2298 maiore
859 2234 919 2297 sub
942 2233 1045 2297 hoste.

236 2378 362 2442 lnterea
386 2398 478 2441 soror
501 2376 585 2440 alma
607 2381 718 2441 monet
742 2377 906 2441 succedere
929 2375 1034 2440 Lauso

191 2484 345 2570 Turnum,
369 2484 425 2569 qui
448 2484 571 2549 volucri
595 2505 690 2547 curru
714 2484 854 2548 medium
878 2488 964 2548 secat
988 2503 1109 2567 agmen.
1219 2499 1272 2547 440

213 2660 381 2696 rasrnsorus.
419 2646 471 2695 422
497 2642 660 2695 ‘fortunam'
686 2641 785 2711 fragm.
809 2642 878 2696 Bob.
893 2640 945 2695 Vll
964 2641 1059 2696 341Κ.
1142 2645 1193 2694 432
1215 2641 1273 2693 ‘ex-

125 2714 208 2767 tremi
227 2729 252 2767 a.
272 2715 308 2766 a.’
333 2711 494 2766 Priscianus
514 2718 573 2767 337.
597 2718 648 2766 866
657 2713 687 2767 P.
708 2729 806 2768 comm.
827 2713 908 2767 Bern.
927 2711 1032 2765 Lucani
1048 2711 1086 2766 lV
1106 2716 1157 2766 780
1167 2711 1199 2765 U.

125 2789 177 2838 432
188 2801 229 2851 sq.
249 2784 312 2836 ‘nec
327 2826 333 2838 .
349 2826 355 2838 .
371 2826 377 2839 .
393 2783 472 2837 sinit’
494 2800 592 2838 comm.
608 2785 689 2839 Bern.
705 2784 809 2838 Lucani
823 2785 860 2837 lV
876 2789 936 2839 731.
956 2783 1005 2836 Vll
1020 2788 1071 2837 433
1083 2783 1115 2838 U.
1170 2787 1222 2836 436
1231 2799 1272 2850 sq.

126 2854 215 2924 ‘ipsos
232 2896 238 2907 .
255 2898 261 2910 .
277 2897 282 2907 .
299 2853 425 2924 Olympi'
446 2855 601 2909 Arusianus
616 2855 667 2909 Vll
682 2861 733 2910 433
743 2855 774 2910 K.
836 2861 889 2909 433
910 2855 1047 2908 ‘manent'
1069 2855 1103 2909 cf.
1119 2854 1272 2907 Arusianus

125 2924 178 2979 Vll
195 2930 247 2978 491
258 2924 290 2978 Κ.
364 2930 416 2978 433
428 2943 467 2993 sq.
490 2925 611 2980 ‘interea
626 2969 631 2980 .
649 2967 654 2979 .
671 2971 676 2981 .
691 2927 826 2980 Turnum'
847 2925 1080 2993 Nonius403,15

214 3093 309 3133 vaura
328 3092 448 3133 nnorro.
487 3078 551 3134 422
572 3076 680 3134 DVRE
695 3078 724 3134 R
747 3076 805 3135 diri
819 3078 937 3136 Menlei.
946 3097 994 3151 pr.
1011 3072 1104 3136 ‘duriz
1123 3083 1175 3136 aut
1176 3078 1273 3200 1fortis

126 3223 178 3278 aut
196 3219 295 3291 asperi
312 3223 337 3275 et
355 3212 640 3278 uudeluiulaostes’
655 3218 774 3279 Seruius
788 3220 868 3278 Dan
941 3222 1005 3280 423
1026 3160 1221 3278 HABEBAT
1235 3219 1275 3277 M

191 3304 444 3428 4124AVDITR
506 3305 738 3368 HIMAEONIA
753 3309 782 3367 R
800 3307 1000 3369 HYMEONA
1014 3310 1054 3367 M
1126 3310 1189 3367 423
1205 3307 1272 3366 AR-

126 3447 232 3509 OANO
257 3442 357 3529 (uasa
376 3443 418 3529 N)
437 3451 477 3507 M
543 3449 681 3509 TELVM
700 3451 729 3509 R
796 3452 860 3512 427
881 3453 994 3528 pronus
1010 3455 1043 3511 cl
1069 3451 1184 3526 primus
1205 3450 1271 3509 Ser·

124 3542 191 3598 aius
215 3541 367 3611 confirmat
434 3537 629 3597 ABANTV‘
647 3540 676 3598 R
779 3542 844 3600 423
869 3536 999 3614 quidam
1022 3542 1142 3600 dubium
1164 3540 1271 3606 uolunt,

124 3633 222 3686 utrum
254 3648 373 3704 pugnae
402 3628 572 3704 oppositum
602 3648 642 3687 an
673 3630 785 3689 nodum
815 3649 946 3706 pugnae,
979 3631 1054 3703 quod
1086 3635 1126 3689 cst
1156 3622 1271 3687 melius'

125 3716 337 3776 SeruiusDan.
397 3719 463 3777 430
478 3716 613 3776 GRAIIS
628 3718 716 3778 PRcl
783 3721 846 3778 432
862 3719 1007 3796 postremi
1022 3720 1193 3778 Priscianus
1208 3719 1270 3777 837

192 3805 358 3864 addensent
377 3807 496 3925 {lenna
516 3825 573 3880 pr..
597 3807 714 3866 Mentel.
734 3809 792 3886 ait,
815 3813 955 3868 testantur
973 3808 1146 3867 Pruciunus
1165 3812 1190 3865 et
1208 3805 1271 3865 Ser·

125 3950 191 4007 uius
213 3946 461 4006 ADDENSENT
480 3949 508 4006 P
527 3948 771 4008 ADDENSANT
794 3951 922 4030 nayco,
946 3968 1043 4010 comm.
1067 3951 1184 4009 Lucani

126 4074 190 4134 433
219 4034 350 4151 pallaly
440 4074 503 4133 435
530 4043 660 4153 formiy
751 4076 814 4134 437
839 4071 953 4152 magni]
976 4075 1086 4134 summi
1104 4072 1274 4132 Arusianus

126 4168 157 4221 ut
179 4161 239 4221 VII
264 4163 328 4223 558
419 4162 484 4221 438
495 4181 535 4236 sq.
563 4164 658 4222 ultimi
679 4167 810 4238 popinae
837 4182 937 4224 vassu
964 4166 1079 4224 rescissi
1106 4166 1137 4221 in
1160 4163 1188 4220 P

126 4287 189 4347 433
219 4255 392 4346 Γιιοοῖιτοησ
421 4305 633 4367 ειιοοωτοτοχ
665 4288 821 4348 succedere
849 4288 968 4349 Seruius
998 4289 1079 4347 Dan.
1111 4290 1142 4346 in
1171 4288 1273 4356 lerum„

125 4380 246 4437 testatur
268 4375 386 4437 Nonius
