3038 4966
251 365 316 431 616
651 363 801 458 Veserm
818 363 950 419 AENEIS
969 363 1007 419 IX

362 528 504 595 Tandem
526 528 674 593 ductores
698 529 807 594 audita
825 528 918 593 caede
942 550 1075 592 suorum

318 637 512 701 conveniunt
534 634 658 723 Teucri,
680 635 867 701 Mnestheus
891 657 1025 719 acerque
1048 633 1205 720 Serestus,

318 744 522 828 palantisque
545 744 654 808 vident
678 744 781 808 socios
805 742 995 828 hostemque
1019 748 1190 828 receptum.
1345 759 1399 808 780

318 856 350 915 et
369 850 557 918 Mnestheus
577 851 653 935 ‘quo
668 851 780 916 deinde
798 852 919 936 fugam,
937 872 1000 935 quo
1020 849 1191 914 tenditis?
1214 850 1329 934 inquit.

318 958 411 1043 ‘quos
435 959 515 1023 alios
539 980 663 1045 muros,
686 980 767 1044 quae
790 958 854 1022 iam
878 958 964 1022 ultra
986 957 1113 1022 moenia
1135 956 1284 1021 habetis?

317 1088 400 1130 unus
423 1067 520 1131 homo
544 1071 577 1130 et
600 1066 727 1151 vestris,
751 1088 769 1129 o
793 1065 887 1150 eires,
910 1064 1050 1148 undique
1074 1068 1203 1148 saeptus

318 1173 490 1259 aggeribus
514 1177 622 1238 tantas
647 1177 771 1258 strages
794 1172 925 1254 impune
947 1193 1004 1255 per
1026 1171 1139 1234 urbem

317 1280 473 1344 ediderit?
496 1280 647 1344 iuvenum
670 1281 794 1365 primos
817 1283 868 1343 tot
889 1278 1016 1343 miserit
1040 1277 1146 1342 Orco?
1347 1295 1401 1344 '185

262 1470 268 1481 ι
317 1408 384 1451 non
405 1386 545 1451 infelicis
568 1388 692 1471 patriae
715 1390 923 1471 veterumque
946 1385 1079 1450 deorum

319 1497 350 1559 et
373 1494 482 1579 magni
505 1493 642 1581 Aeneae,
665 1515 788 1580 segnes,
811 1494 1006 1578 miseretque
1029 1491 1224 1577 pudetque?

318 1600 439 1664 talibus
463 1600 586 1664 accensi
609 1601 779 1665 firmantur
802 1605 834 1664 et
857 1601 985 1686 agmine
1008 1600 1106 1664 denso

318 1707 508 1771 consistunt.
555 1706 683 1771 Turnus
706 1707 864 1792 paulatim
886 1706 1036 1771 excedere
1058 1727 1168 1792 pugna

319 1818 351 1878 et
374 1813 508 1878 fluvium
531 1817 640 1898 petere
663 1836 699 1879 ac
722 1818 855 1900 partem,
878 1837 959 1899 quae
982 1814 1123 1900 cingitur
1146 1813 1243 1897 unda3
1348 1831 1401 1880 790

319 1920 423 1984 acrius
446 1918 508 1984 hoc
530 1918 644 1985 Teucri
667 1921 805 1986 clamore
828 1922 1011 1986 incumbere
1033 1942 1151 2006 magno

318 2030 350 2090 et
374 2026 551 2112 glomerare
573 2050 711 2093 manum.
758 2051 815 2093 ceu
838 2051 966 2094 saevom
989 2028 1086 2093 turba
1108 2027 1233 2092 leonem

317 2155 390 2196 cum
413 2133 487 2198 telis
510 2136 628 2218 premit
650 2136 796 2221 infensis,
818 2138 852 2200 at
875 2135 1008 2200 territus
1032 2135 1097 2222 ille,

318 2263 422 2327 asper,
443 2243 559 2306 acerba
581 2248 686 2328 tuens,
708 2246 795 2308 retro
819 2243 911 2330 redit,
934 2248 966 2307 et
988 2265 1091 2327 neque
1114 2247 1206 2328 terga

317 2350 365 2413 ira
388 2349 462 2413 dare
486 2354 542 2413 aut
564 2350 669 2415 virtus
692 2351 825 2437 patitur,
847 2373 905 2415 nee
928 2350 1056 2415 tendere
1080 2353 1191 2415 contra
1348 2368 1401 2417 rec

273 2535 277 2542 Ι
316 2455 372 2520 ille
395 2456 525 2540 quidem
547 2455 609 2522 hoe
631 2457 763 2542 cupiens
786 2458 873 2543 potis
899 2461 949 2523 est
972 2480 1028 2542 per
1051 2457 1117 2522 tela
1138 2456 1302 2541 virosque:

315 2562 396 2627 haut
420 2563 514 2627 aliter
536 2567 623 2628 retro
647 2564 764 2629 dubius
787 2565 926 2649 vestigia
949 2563 1077 2629 Turnus

252 2735 292 2742 »ο-

338 2846 505 2883 rssruwru.
545 2833 685 2884 789-787
704 2826 864 2884 Macrobius
883 2828 980 2886 SatV
1000 2836 1028 2897 9,
1050 2835 1082 2882 14
1173 2834 1223 2883 783
1250 2831 1337 2884 ‘unus
1357 2831 1398 2887 h.’

250 2897 362 2955 Servius
386 2900 454 2954 Aen.
474 2899 511 2952 111
532 2905 584 2954 760
674 2905 725 2954 789
736 2917 777 2969 sq.
798 2899 910 2954 ‘vestris
930 2945 935 2956 .
956 2944 962 2957 .
983 2943 989 2955 .
1010 2900 1171 2970 aggeribus’
1197 2900 1309 2956 Servius
1328 2903 1399 2959 Aen.

249 2969 286 3024 xl
301 2976 352 3025 998
409 2977 459 3025 785
480 2970 597 3040 ‘primos
616 2971 747 3026 iuvenum
762 2975 782 3028 t,
797 2989 833 3025 m.
850 2970 893 3028 Ο.’
914 2971 1073 3026 Priscianus
1088 2977 1139 3026 602
1149 2972 1179 3026 P.
1236 2977 1287 3026 794
1303 2974 1401 3042 ‘asper

251 3084 256 3096 .
276 3084 283 3097 .
304 3040 413 3097 ‚redit’
434 3041 593 3096 Macrobius
614 3043 672 3099 Sat.
692 3043 729 3097 VI
750 3049 777 3112 l,
797 3048 831 3096 30
923 3048 974 3096 796
995 3043 1082 3113 ‘potis
1100 3060 1124 3099 e.
1143 3063 1169 3114 p.
1189 3046 1209 3098 t.
1234 3060 1285 3113 per
1302 3044 1397 3113 ignes'

250 3112 405 3167 Arusianus
424 3112 476 3167 711
495 3117 545 3167 501
556 3113 588 3169 Κ.

336 3374 432 3417 vaura
454 3373 575 3415 nncrro.
619 3356 682 3415 778
706 3353 952 3413 TANDEMIAM
971 3350 1027 3434 (ΙΑ
1052 3372 1138 3414 eraso
1159 3357 1192 3413 ut
1214 3347 1334 3476 ''id'bR

250 3501 314 3559 780
337 3497 563 3557 PALLANTIS
583 3499 612 3557 R
640 3497 780 3557 Palantef
796 3516 811 3556 c
919 3498 979 3556 781
1007 3495 1083 3557 Arc
1172 3494 1282 3556 FVGA
1305 3498 1333 3556 P

250 3625 312 3683 rer
332 3614 386 3683 tm.
405 3641 434 3681 m
492 3621 794 3692 ovanvuvurar
808 3622 849 3681 n
867 3579 1117 3700 qusttt‘uay
1140 3639 1216 3697 quae
1235 3621 1317 3680 ultra
1335 3621 1396 3680 ram

249 3730 304 3772 ere.
328 3713 558 3772 Bumocniuna
583 3730 700 3789 quaeue
727 3712 825 3769 altera
848 3713 952 3771 Moret.
977 3728 1029 3770 sec.
1054 3713 1108 3770 aut
1135 3729 1212 3786 quae
1240 3710 1301 3769 iarn
1324 3712 1395 3770 Mo·

1301 3793 1342 3832 ru

248 3858 337 3916 erodii
356 3877 379 3914 ω
471 3857 533 3915 785
558 3854 670 3930 primos
692 3853 834 3913 iuvenum
857 3855 1029 3914 Priscianus
1129 3854 1190 3913 786
1216 3850 1300 3912 NON
1359 3855 1399 3913 M

315 3945 448 4022 deorum,
472 3942 506 4003 at
530 3944 676 4002 malorum
701 3965 732 4023 p:
756 3946 792 4017 cf.
811 3943 854 4002 XI
875 3946 937 4003 980
957 3943 1136 4018 parentiam.
1156 3947 1214 4001 ont.
1233 3945 1265 4000 in
1282 3961 1342 4002 roa.
1364 3945 1396 4002 b:

248 4037 283 4108 cs.
308 4034 422 4095 11448
446 4033 474 4091 7
495 4035 544 4092 39.
565 4034 627 4091 576
721 4034 782 4093 789
808 4030 972 4091 PVGNAE
988 4033 1056 4090 PR:
1075 4034 1111 4105 cs.
1131 4031 1159 4089 X
1173 4033 1248 4106 441,
1271 4033 1397 4104 sortasse
1424 4079 1438 4099 .

247 4129 279 4182 ut
301 4123 536 4183 homoeoteleuton
559 4124 700 4181 vitaretur
790 4124 855 4182 790
875 4119 967 4197 unda]
992 4121 1074 4180 amni
1092 4123 1165 4199 bmx,
1187 4125 1220 4179 ut
1240 4122 1304 4181 469
1346 4175 1353 4185 .

249 4215 311 4274 799
332 4201 549 4291 811117οΜ(0
568 4228 641 4270 corr.
656 4214 688 4270 in
706 4203 748 4292 V)
763 4211 792 4269 P
812 4209 978 4270 SAEVVM
996 4211 1115 4289 mayoc
1179 4211 1242 4269 799
1257 4207 1309 4268 ΑΟ
1328 4211 1396 4271 MR

249 4306 311 4363 795
331 4300 468 4370 NEQVE
487 4301 516 4358 R
621 4301 683 4361 796
708 4300 899 4379 occupiensy
967 4296 1119 4376 virosque]
1140 4318 1194 4374 per
1212 4298 1296 4376 ignes
1316 4297 1396 4359 Aru-

247 4395 357 4465 sianus,
379 4395 412 4449 ut
430 4389 461 4448 Π
481 4391 553 4448 664.
590 4407 643 4466 per
666 4391 766 4449 hostes
793 4389 897 4457 Vocet,
920 4389 1097 4448 0111358.
1122 4390 1185 4447 527
1211 4387 1269 4446 ΧΠ
1286 4389 1348 4447 689
