3052 4972
248 361 313 426 476
643 358 789 415 VERGILI
808 360 942 415 AENEIS
963 362 999 415 Vl

314 523 515 588 Dardanidae
539 524 668 588 venient
691 522 800 612 (mitte
822 524 905 589 hanc
928 526 965 589 de
989 529 1117 609 pectore
1141 523 1275 612 curam),
1362 544 1398 592 85

315 636 364 695 set
387 653 453 695 non
475 635 508 694 et
530 631 656 696 venisse
680 631 797 697 volent.
844 631 938 718 bella,
961 630 1091 696 horrida
1114 630 1199 696 bella

313 742 345 802 et
368 737 525 822 Thybrim
547 738 650 803 multo
676 743 879 823 spumantem
902 739 1059 824 sanguine
1081 760 1185 806 cerno,

313 867 379 908 non
402 843 520 908 Simois
543 844 605 909 tibi
627 866 686 910 nec
708 844 858 910 Xanthus
881 866 939 910 nec
961 845 1080 910 Dorica
1103 850 1209 912 castra

313 952 486 1036 defuerint3
510 952 592 1015 alius
616 951 709 1017 Latio
733 953 798 1017 iam
821 956 933 1036 partus
957 951 1109 1038 Achilles,

312 1063 409 1124 natus
432 1062 465 1123 et
488 1059 557 1142 ipsc
580 1057 651 1144 dea3
673 1081 731 1123 nec
754 1059 885 1124 Teucris
909 1059 1018 1123 addita
1040 1059 1121 1123 Iuno
1362 1079 1400 1127 90

312 1188 449 1250 usquam
473 1166 589 1231 aberit:
613 1190 686 1230 cum
709 1171 745 1231 tu
770 1168 905 1251 supplex
928 1167 963 1230 in
986 1166 1082 1231 rebus
1106 1167 1214 1251 egenis

314 1296 393 1357 quas
417 1274 523 1359 gentis
546 1273 666 1338 Italum
689 1277 746 1337 aut
770 1297 849 1358 quas
872 1295 939 1338 non
962 1274 1102 1338 oraveris
1126 1274 1236 1339 urbest

313 1403 408 1445 causa
431 1381 508 1445 mali
531 1381 615 1446 tanti
639 1380 778 1446 coniunx
801 1381 919 1446 iterum
943 1381 1074 1465 hospita
1096 1380 1228 1446 Teucris

313 1487 500 1571 externique
522 1487 640 1552 iterum
663 1486 805 1552 thalami.

314 1599 350 1659 tu
373 1616 413 1659 ne
436 1595 509 1659 cede
532 1594 636 1681 malis,
659 1600 708 1658 set
732 1600 844 1659 contra
866 1595 1036 1660 andentior
1058 1595 1105 1659 ito
1362 1613 1400 1663 95

313 1724 377 1786 qua
399 1705 456 1765 tua
479 1706 512 1765 te
535 1700 679 1767 Fortuna
703 1703 796 1766 sinet.
840 1702 892 1766 via
916 1702 1020 1785 prima
1044 1702 1168 1787 salutis,

314 1809 399 1892 quod
423 1809 554 1874 minime
577 1810 667 1896 reris,
691 1807 789 1873 Graia
811 1810 970 1893 pandetur
993 1809 1033 1874 ab
1057 1809 1156 1873 urbe?

358 1951 492 2017 Talibus
514 1974 553 2014 ex
577 1952 675 2036 adyto
699 1951 794 2016 dictis
819 1949 957 2036 Cymaea
981 1949 1106 2034 Sibylla

313 2059 488 2124 horrendas
512 2059 599 2123 canit
622 2059 773 2144 ambages
797 2063 954 2142 antroque
977 2059 1128 2145 remugit,

315 2167 460 2231 obscuris
483 2189 559 2230 vera
580 2166 761 2231 involvens:
786 2188 823 2231 ea
845 2168 935 2230 frena
958 2167 1079 2231 furenti
1346 2184 1401 2235 100

314 2274 456 2338 concutit
479 2276 512 2337 et
536 2274 685 2338 stimulos
710 2273 770 2337 sub
794 2277 924 2358 pectore
948 2273 1045 2337 vertit
1069 2272 1197 2357 Apollo.

313 2386 350 2445 ut
373 2381 513 2465 primum
536 2382 633 2446 cessit
656 2382 746 2446 fruor
769 2385 801 2446 et
825 2381 937 2445 rabida
960 2403 1017 2446 ora
1040 2381 1201 2468 quierunt,

314 2489 428 2572 incipit
451 2487 576 2554 Aeneas
598 2487 707 2554 heros:
732 2489 809 2552 ‘non
832 2488 899 2553 ulla
919 2487 1079 2574 laborum,

336 2683 503 2719 1111118111.
536 2669 570 2717 80
590 2662 684 2717 ‘mitte
704 2706 709 2718 .
726 2705 732 2717 .
748 2705 755 2718 .
774 2664 881 2719 curam'
899 2664 1005 2719 Seneca
1023 2665 1058 2718 de
1077 2664 1169 2720 benef.
1182 2663 1231 2717 VII
1246 2669 1321 2732 14‚5

137 2701 149 2723 ⁸
248 2741 281 2790 86
303 2736 391 2790 ‘bella
408 2736 435 2790 h.
455 2736 493 2791 b.’
514 2734 663 2790 Diomedes
678 2735 689 2788 1
704 2741 755 2789 447
766 2735 798 2791 K.
872 2741 906 2789 87
929 2752 1028 2791 comm.
1048 2735 1129 2792 Bern.
1149 2734 1254 2790 Lucani
1269 2736 1281 2789 I
1296 2740 1351 2791 086
1362 2736 1398 2794 U.

319 2813 353 2861 89
373 2807 457 2861 ‘alius
477 2851 482 2861 .
500 2849 505 2861 .
522 2851 527 2862 .
547 2806 684 2860 Achilles'
703 2806 815 2861 Servius
832 2805 900 2861 Aen.
915 2807 954 2860 IX
970 2813 1021 2862 739
1093 2812 1128 2861 90
1148 2809 1243 2860 ‘natus
1258 2849 1264 2862 .
1281 2850 1286 2861 .
1304 2849 1309 2861 .
1325 2808 1396 2863 dea’

246 2878 406 2933 Priscianus
422 2885 490 2932 1222
498 2877 528 2933 Ρ.
601 2883 635 2931 90
645 2896 686 2946 sq.
702 2878 765 2933 ‘nec
784 2922 790 2933 .
806 2922 812 2934 .
828 2921 834 2933 .
855 2877 957 2933 aberit’
973 2878 1134 2933 Macrobius
1149 2879 1206 2933 Sat.
1217 2877 1254 2932 VI
1268 2883 1321 2947 4,2

247 2957 281 3003 92
301 2948 413 3004 Servius
431 2950 500 3005 Aen.
510 2948 575 3003 VIII
591 2955 642 3003 120
715 2954 748 3003 90
767 2949 926 3004 Priscianus
942 2950 1051 3004 1003P.
1071 2951 1115 3004 ‘tu
1134 2994 1140 3006 .
1157 2993 1163 3006 .
1180 2994 1186 3006 .
1205 2948 1297 3003 malis'
1319 2952 1396 3007 Acro

246 3021 312 3075 Hor.
332 3037 412 3076 serm.
429 3022 452 3074 ll
467 3027 492 3089 5,
508 3026 541 3075 26
614 3026 648 3074 96
659 3038 699 3088 sq.
721 3020 780 3074 ‘via
798 3067 803 3077 .
824 3065 831 3078 .
851 3066 857 3077 .
876 3021 956 3075 urbs’
978 3020 1090 3075 Servius
1109 3020 1251 3076 AenVlIl
1267 3025 1317 3074 131

246 3098 280 3147 99
299 3092 407 3147 Nonius
426 3097 487 3160 319,
503 3099 519 3146 6
593 3098 643 3145 100
663 3091 801 3147 ‘obscuris
819 3111 845 3147 v.
864 3091 894 3147 i.’
916 3092 1027 3148 Servius
1045 3092 1216 3148 AenV189
1290 3097 1343 3148 100
1352 3111 1397 3162 sq.

247 3164 333 3220 schol.
344 3163 450 3217 Lucani
462 3165 483 3216 V
495 3168 547 3216 108
562 3164 608 3217 ‘ea
622 3206 628 3218 .
640 3207 646 3219 .
658 3207 665 3219 .
679 3163 792 3233 Apollo’
805 3163 916 3219 Servius
929 3166 998 3220 Aen.
1008 3163 1047 3218 Vl
1062 3170 1095 3219 79
1169 3169 1220 3217 103
1236 3163 1304 3218 ‘non
1320 3182 1347 3220 u.
1358 3165 1393 3219 l.’

246 3234 412 3290 Consentius
427 3236 450 3288 V
466 3240 518 3288 390
527 3234 560 3289 Κ.
639 3241 689 3289 108
700 3252 741 3305 sq.
762 3237 830 3290 ‘non
849 3279 855 3291 .
875 3279 881 3291 .
902 3280 908 3292 .
928 3235 1030 3306 snrgit’
1051 3236 1178 3290 Donatus
1196 3235 1257 3291 Ter.
1277 3234 1394 3293 Phorm.

246 3307 272 3360 ll
288 3314 312 3377 1,
326 3312 361 3362 20
434 3311 574 3360 103-100
594 3306 661 3361 ‘non
680 3350 687 3362 .
707 3346 714 3361 .
734 3349 741 3362 .
760 3306 868 3378 peregi’
890 3307 995 3362 Seneca
1014 3306 1096 3376 epist.
1112 3313 1154 3377 70,
1170 3313 1204 3360 38

333 3492 430 3535 vania
457 3492 578 3535 ascaro.
635 3479 676 3537 88
700 3475 967 3536 NEOXANTHVS
992 3468 1029 3557 (O
1057 3495 1094 3535 m.
1120 3479 1138 3535 2
1164 3466 1246 3555 aaa.)
1265 3475 1294 3534 P
1312 3475 1398 3537 NEC

248 3563 433 3624 SAN'IHUS
457 3567 493 3624 M
522 3556 771 3688 (σω-81440)
870 3568 909 3625 91
940 3585 1029 3643 quam
1058 3568 1093 3625 tn
1120 3566 1328 3639 Peerlkampuc

249 3710 291 3769 92
325 3706 483 3769 GENTES
510 3709 610 3769 MRbc
677 3707 783 3779 Qvos
811 3708 840 3765 P
902 3706 1022 3766 VRBIS
1050 3709 1079 3766 P
1117 3744 1120 3754 »
1164 3710 1206 3768 96
1240 3726 1301 3785 qua
1333 3711 1397 3769 cod.

248 3799 399 3867 11888811..
416 3797 539 3859 Senecae
552 3821 585 3875 a,
605 3799 681 3872 quod
698 3798 813 3870 defendi
825 3798 901 3872 prol.
918 3798 979 3856 201
992 3815 1032 3872 sq.
1048 3796 1161 3868 QVAM
1180 3798 1257 3865 labri,
1275 3797 1399 3859 Servius

314 3942 384 4002 finit
408 3945 441 4002 cl
512 3879 714 4000 iRIMAUJl
742 3931 829 4020 (corr.
852 3931 957 4021 minio)
981 3941 1021 3999 M
1109 3943 1148 4001 97
1179 3940 1326 4018 gradal

249 4035 361 4106 100sq.
386 4050 422 4091 aa
444 4032 529 4090 frena
551 4029 664 4089 furenti
686 4029 821 4089 concutit
842 4048 879 4090 ne
901 4048 966 4090 cam
984 4031 1131 4105 Wapnero
1153 4030 1316 4105 inlellwos:
1340 4024 1398 4091 ‘ilo

247 4126 385 4196 temperat
402 4120 530 4194 Sibyllae
546 4123 657 4193 pectus,
679 4123 712 4178 ul
730 4121 755 4178 cl
770 4138 832 4179 aon
850 4120 933 4180 liceat
951 4121 1109 4194 simplicem
1126 4137 1227 4178 rerum
1245 4121 1398 4181 uallarem
1459 4113 1466 4122 ⁸

242 4204 402 4285 promere?
434 4213 531 4269 celare
564 4209 676 4267 videtur
703 4207 730 4265 V
761 4211 822 4268 147
856 4210 986 4269 conlatae
1018 4226 1082 4268 cum
1110 4207 1186 4267 VIII
1214 4211 1242 4268 3.
1289 4209 1398 4282 Itaque

247 4302 371 4374 effrena,
397 4301 417 4359 i.
441 4315 463 4357 c.
487 4299 629 4356 effrenate
657 4300 762 4358 conieci
789 4300 860 4359 conl.
883 4297 914 4356 II
938 4298 1001 4357 466
1102 4299 1163 4358 102
1192 4296 1346 4357 ΒΑΡΙΒΑ
1369 4299 1402 4358 P

248 4389 353 4449 rabia
377 4381 409 4468 (a
433 4406 448 4448 e
470 4379 594 4468 corrpy
