3000 4958
747 386 847 442 CIBIS.

301 552 404 616 ictave
427 550 595 615 barbarico
619 548 755 635 Cybeles
778 550 928 615 antistita
950 551 1046 637 buxo,

300 658 413 722 infelix
436 657 528 742 virgo
553 659 623 721 tota
646 657 821 722 bacchatur
843 658 878 722 in
901 658 989 744 urbe,

300 787 365 829 non
389 768 514 829 storace
537 762 629 828 Idaeo
654 765 828 850 fragrantis
852 764 954 829 tincta
977 764 1122 853 capillos,

301 872 430 956 cognita
452 892 518 936 non
541 870 660 935 teneris
684 872 819 955 pedibus
843 869 993 956 Sicyonia
1016 893 1158 957 servans,

302 1001 369 1043 non
390 979 485 1043 niveo
509 977 650 1042 retinens
674 979 787 1043 baeata
810 979 943 1043 monilia
966 979 1056 1043 collo.

301 1086 440 1150 multum
463 1085 512 1149 illi
536 1085 659 1149 incerto
683 1085 846 1170 trepidant
869 1085 1006 1171 vestigia
1028 1107 1138 1150 cursu:

302 1215 395 1277 saepe
419 1192 501 1256 redit
525 1193 648 1277 patrios
672 1193 840 1258 ascendere
863 1193 989 1278 perdita
1011 1215 1121 1257 muros

302 1300 466 1383 ebriaeque
490 1299 566 1364 facit
589 1321 716 1364 causam
742 1322 775 1364 se
799 1301 901 1365 visere
924 1300 1036 1384 turris3

302 1428 396 1490 saepe
419 1406 517 1470 etiam
540 1406 650 1470 tristes
674 1406 806 1471 volvens
830 1407 865 1470 in
887 1411 981 1471 nocte
1004 1406 1165 1490 querellas

302 1513 430 1577 aedibus
454 1535 492 1577 ex
516 1512 591 1577 altis
615 1513 693 1577 caeli
718 1511 900 1597 speculatur
924 1513 956 1576 in
981 1511 1091 1576 orbem
1348 1533 1399 1582 178

303 1623 471 1703 castraque
494 1624 679 1704 prospectat
701 1619 821 1684 crebris
845 1618 985 1683 lucentia
1008 1618 1155 1683 flammis,

302 1749 368 1790 non
392 1731 506 1812 arguta
530 1731 646 1792 sonant
669 1729 759 1791 tenui
782 1726 935 1812 psalteria
958 1726 1086 1812 chorda,
1348 1747 1399 1795 178

301 1855 368 1897 non
390 1833 511 1919 Libyco
536 1833 649 1898 molles
673 1833 870 1918 plauduntur
892 1833 1017 1917 pectine
1039 1832 1133 1919 telae,

302 1940 392 2004 nulla
415 1940 521 2005 colum
543 1941 646 2025 novit,
668 1963 777 2005 carum
799 1962 866 2004 non
888 1941 1019 2024 respicit
1042 1962 1165 2006 surum.
1344 1961 1396 2008 177

302 2047 411 2111 nullus
434 2047 471 2111 in
493 2069 547 2111 ore
566 2046 679 2111 rubor:
703 2047 759 2111 ubi
778 2047 863 2111 eninr
881 2047 990 2134 rubor,
1014 2046 1123 2112 obstat
1142 2049 1256 2113 amori.
1345 2067 1396 2115 188

302 2158 399 2237 atque
421 2154 479 2218 ubi
501 2154 592 2218 nulla
615 2153 708 2217 malis
732 2154 851 2238 reperit
875 2153 993 2218 solacia
1015 2154 1116 2218 tantis

302 2260 542 2345 tabidulamque
565 2260 653 2326 videt
675 2261 742 2325 labi
766 2283 822 2344 per
844 2261 966 2325 viscera
988 2265 1135 2348 mortem,

302 2391 366 2452 quo
391 2372 484 2432 vocat
507 2368 554 2431 ire
578 2367 679 2453 dolor,
702 2367 859 2453 subigunt
883 2389 946 2451 quo
970 2368 1097 2432 tendere
1120 2369 1199 2454 fata,

303 2476 406 2540 fertur
429 2480 461 2539 et
484 2475 635 2539 horribili
659 2496 809 2559 praeceps
832 2474 1010 2559 impellitur
1033 2477 1151 2560 oestr0‚

302 2586 339 2647 ut
362 2582 474 2669 patris,
498 2606 517 2646 8
539 2583 678 2668 demens,
706 2583 825 2647 crinem
848 2583 886 2647 de
909 2583 1027 2648 vertice
1051 2587 1174 2648 sectum
1341 2603 1393 2651 188

326 2786 387 2844 166
417 2787 483 2843 8818
511 2785 709 2858 Wakefieldns
736 2787 820 2843 tacta
842 2785 983 2845 Heinsius
1064 2784 1167 2862 queR
1261 2790 1327 2847 167
1355 2791 1392 2862 ef.

234 2874 308 2934 Aen.
328 2872 370 2932 IV
395 2874 510 2947 30088.
626 2875 809 2934 168-170
828 2876 864 2947 es.
889 2873 997 2934 Cntnlh'
1015 2874 1111 2934 LXIV
1132 2876 1172 2934 63
1185 2877 1272 2936 -65

238 2965 299 3023 168
328 2963 485 3040 flagrantis
504 2962 597 3022 ΑΗΒ
626 2964 789 3041 flagrantes
807 2964 836 3021 L
926 2964 1021 3023 tincta
1048 2964 1226 3024 Sciraderns
1255 2965 1343 3041 picta
1368 2967 1393 3026 0

237 3056 328 3112 uncta
346 3053 488 3112 Heinsius
558 3055 619 3113 169
644 3053 800 3112 commoda
817 3053 991 3126 Leoparelns
1014 3053 1134 3113 condita
1157 3053 1288 3127 Scaliaer
1314 3056 1391 3116 mol·

236 3143 277 3202 118
291 3143 419 3202 Leneins
437 3143 477 3202 ad
492 3140 601 3202 carnin
610 3141 707 3201 LXIV
720 3144 781 3202 129
802 3142 928 3201 eandida
941 3143 1077 3203 Pnetrins
1095 3143 1213 3202 coccina
1231 3145 1392 3206 Baehrens

304 3247 444 3324 Sicyonia
468 3247 664 3326 Constantius,
688 3250 862 3324 Leopardns
885 3250 979 3309 sicula
996 3250 1063 3308 ΑΗ
1082 3250 1124 3309 818
1147 3232 1227 3309 oniia
1251 3251 1313 3311 LB

235 3356 337 3397 seruas
357 3338 386 3396 B
500 3339 564 3397 170
588 3338 697 3397 retines
717 3340 776 3397 LR
857 3339 981 3399 baccata
999 3336 1066 3397 AB
1084 3339 1231 3399 bacchata
1249 3341 1310 3399 LR

237 3430 297 3485 171
324 3425 420 3485 Multo
439 3428 468 3485 R
547 3430 609 3487 172
634 3428 712 3503 petit
735 3429 886 3488 Baehrens
952 3429 1071 3506 perdita
1092 3429 1197 3488 Densa
1219 3429 1390 3504 proditaO

236 3509 300 3596 (sed
317 3534 350 3574 ro
366 3519 483 3589 penatis
496 3521 553 3575 not.
567 3519 599 3575 in
613 3510 662 3595 Η)
734 3519 795 3576 173
816 3516 919 3586 Sanus,
932 3534 1081 3593 suprascr.
1099 3536 1136 3576 m.
1154 3534 1212 3577 rec.
1225 3518 1393 3595 Aerias,H

235 3606 348 3663 Aeneas
366 3626 390 3663 ω
459 3604 517 3664 sibi
539 3607 691 3680 Hauptins
758 3610 857 3666 turres
876 3606 966 3666 ALR
1071 3607 1226 3668 17518811
1250 3607 1390 3682 Heynins

235 3692 311 3753 arcis
330 3695 482 3754 Baehrens
567 3696 598 3753 in
622 3694 724 3754 orbem
747 3699 852 3770 scripsi
879 3696 1055 3756 amoremO
1082 3696 1120 3755 ad
1148 3715 1231 3755 oram
1254 3696 1390 3773 Scaliycr

335 3785 447 3856 17888.
474 3787 535 3843 177
560 3787 602 3843 sic
624 3785 772 3861 collocare
798 3787 971 3847 177-179
996 3787 1094 3845 ordine
1112 3787 1227 3859 8818818
1244 3786 1278 3855 0,
1302 3807 1391 3861 quern

230 3890 342 3945 param
360 3875 480 3946 feliciter
499 3875 624 3946 defendit
641 3873 821 3934 Scheahins:
843 3878 904 3936 179
924 3877 1025 3936 sallem
1044 3879 1110 3934 ante
1127 3875 1187 3934 178
1202 3879 1391 3950 8881881811

235 3962 376 4035 Heynins.
414 3964 450 4035 ef.
479 3960 588 4021 0818111
615 3961 712 4021 LXIV
736 3965 776 4024 39
792 3982 851 4038 888.
881 3966 997 4038 63888.
1095 3967 1155 4024 177
1187 3983 1242 4024 neo
1266 3966 1296 4024 L
1349 3959 1353 3966 ’

236 4052 300 4110 180
323 4051 384 4128 nbi,
408 4068 463 4112 orn.
487 4051 565 4110 enim
583 4053 619 4109 H
637 4052 697 4112 nisi
720 4073 788 4113 eum
805 4053 986 4114 Schraderns
1004 4052 1056 4112 ubi
1075 4072 1134 4112 non
1149 4045 1391 4138 (interroyando)

234 4140 313 4199 Ellis
380 4140 476 4215 pudor
498 4141 677 4201 Schraderns
770 4144 829 4202 181
855 4144 968 4219 repetit
986 4143 1021 4201 H
1091 4144 1152 4203 185
1177 4143 1217 4202 ah
1242 4144 1346 4205 demes
1361 4148 1392 4207 R

234 4229 408 4304 ademptum
427 4231 456 4287 L
480 4230 519 4288 ah
542 4229 661 4289 demum
680 4230 710 4289 A
747 4234 783 4305 cs.
812 4234 860 4292 ecl.
888 4232 920 4292 Il
944 4236 986 4293 60
1099 4251 1211 4308 serum,
1244 4252 1320 4295 corr.
1351 4255 1391 4299 m.

233 4336 288 4377 ree.
307 4319 343 4376 H
367 4337 467 4378 serum
489 4319 549 4378 AB
577 4323 664 4380 senet
687 4313 729 4403 (h.
753 4339 774 4381 e.
799 4317 915 4402 seruet)
934 4323 963 4380 L
991 4340 1109 4380 sacrum
1130 4321 1265 4397 Siltiyins
1293 4325 1392 4387 ferret

234 4409 388 4468 Baehrens
