3046 4972
546 356 690 414 VERGILI
708 355 839 414 AENEIS
858 357 884 411 II
1226 356 1292 422 305

215 528 252 587 51
275 523 370 609 vidit,
393 522 486 607 ‘quae
509 545 599 587 mens
623 527 690 587 tam
713 523 796 608 dira,
819 523 996 587 miserrimc
1019 522 1171 606 coniunx,

214 630 343 714 impulit
365 630 417 693 his
441 630 527 714 cingi
550 630 648 693 telis?
672 634 729 693 aut
753 651 816 713 quo
840 629 946 693 ruis'?'
973 630 1087 713 inquit.
1241 645 1294 694 520

213 736 291 801 ‘non
314 736 373 800 tali
396 736 517 800 auxilio
540 758 599 800 nec
622 736 844 801 defensoribus
867 736 941 800 istis

213 848 340 927 tempus
364 847 451 930 eget,
472 865 553 930 non,
576 843 604 907 si
627 844 696 926 ipse
718 865 809 908 meus
831 865 917 908 nunc
940 843 1063 907 adforet
1086 843 1215 908 Hector.

214 952 276 1015 huc
299 950 427 1015 tandem
450 951 599 1035 concede3
621 950 700 1014 haec
723 974 779 1015 ara
801 951 947 1015 tuebitur
970 951 1088 1035 omnis,

214 1063 270 1122 aut
288 1058 424 1122 moriere
448 1057 564 1122 simul?
611 1059 657 1122 sic
681 1081 736 1122 ore
759 1058 856 1123 effata
878 1058 1000 1142 recepit

218 1164 256 1228 ad
280 1187 349 1229 sese
372 1169 405 1228 et
429 1187 519 1229 sacra
541 1164 732 1250 longaevum
755 1165 790 1229 in
813 1165 886 1230 sede
908 1166 1035 1230 locarit.
1242 1181 1293 1229 525

258 1343 339 1408 Ecce
362 1347 470 1407 autem
494 1344 622 1427 elapsus
645 1342 762 1426 Pyrrhi
785 1342 823 1406 de
846 1343 939 1408 caede
962 1343 1098 1431 Polites,

213 1472 296 1514 unus
319 1454 468 1515 natorum
493 1449 627 1534 Priami,
651 1472 707 1534 per
731 1450 810 1535 tela,
833 1472 890 1534 per
912 1450 1017 1514 hostis

215 1558 393 1641 porticibus
416 1557 524 1642 longis
547 1558 633 1642 fugit
656 1562 689 1621 et
712 1580 812 1621 vacua
835 1558 918 1621 atria
941 1558 1060 1622 lustrat

216 1664 350 1729 saucius.
397 1665 490 1728 illum
514 1664 628 1729 ardens
651 1664 770 1728 infesto
794 1664 923 1729 volnere
946 1664 1090 1748 Pyrrhus

215 1771 409 1857 insequitur,
432 1773 496 1836 iam
519 1773 647 1856 iamque
670 1793 768 1835 manu
791 1775 879 1836 tenet
902 1776 934 1836 et
957 1773 1076 1856 premit
1098 1771 1200 1836 hasta.
1243 1789 1295 1836 530

216 1883 251 1942 51
274 1878 403 1942 tandem
427 1883 501 1942 ante
525 1877 635 1943 oculos
659 1879 762 1943 evasit
786 1882 818 1942 et
843 1901 898 1943 ora
921 1882 1107 1965 parentum,

215 1986 352 2050 concidit
375 2008 412 2050 ae
434 1986 539 2051 multo
563 1987 664 2051 vitam
687 2009 760 2051 cum
785 1986 940 2071 sanguine
962 1986 1054 2050 fudit.

215 2091 267 2156 hio
288 2091 451 2178 Priamus,
475 2116 669 2177 quamquam
693 2094 727 2157 in
750 2093 854 2157 media
876 2093 941 2157 iam
963 2097 1068 2157 morte
1091 2098 1234 2179 tenetur,

215 2204 413 2265 nontamen
436 2201 609 2288 abstinuit,
631 2223 690 2265 nec
713 2201 784 2265 voci
807 2201 937 2284 iraeque
960 2201 1110 2285 pepercit.

216 2305 262 2371 ‘at
285 2307 347 2371 tibi
370 2330 428 2392 pro
453 2307 581 2372 seclcre'
605 2309 776 2394 exclamat,
799 2307 869 2391 ‘pro
893 2307 1014 2372 talibus
1039 2307 1140 2392 ausis,
1243 2324 1295 2371 535

151 2470 360 2478 ω’*-

237 2589 404 2627 5555555555.
442 2578 491 2626 521
504 2591 545 2641 sq.
566 2574 634 2628 ‘nou
654 2615 659 2626 .
680 2615 686 2627 .
707 2617 713 2628 .
732 2574 809 2642 egat’
829 2571 983 2626 Arusianus
1002 2571 1054 2626 VII
1073 2577 1125 2626 463
1137 2573 1168 2628 Κ.
1226 2573 1294 2626 ‘non

149 2641 343 2698 defensoribus
364 2687 370 2698 .
391 2689 397 2699 .
418 2686 423 2698 .
444 2644 520 2712 eget'
541 2643 628 2700 schol.
644 2644 749 2699 Lucani
768 2644 820 2699 VII
840 2648 873 2697 38
947 2648 999 2698 523
1020 2642 1102 2697 ‘haec
1118 2688 1123 2699 .
1140 2684 1147 2697 .
1163 2686 1169 2698 .
1184 2646 1293 2698 omnes’

149 2713 261 2768 Servius
281 2715 351 2770 Aen.
372 2714 396 2768 ΙΙ
415 2715 568 2770 50155551.
589 2716 672 2771 Gron.
693 2713 748 2771 Cic.
769 2720 820 2770 332
832 2714 878 2771 Or.
951 2716 1122 2783 5251551515
1141 2714 1203 2769 fata
1220 2731 1295 2769 rece-

148 2784 194 2854 pit
215 2786 251 2840 ad
273 2787 346 2840 seso’
371 2785 479 2840 Nonius
503 2791 594 2851 eam
682 2793 733 2841 526
753 2786 907 2840 Arusianus
928 2786 978 2841 VII
1004 2791 1056 2840 412
1067 2785 1100 2840 K.
1191 2790 1244 2840 523
1255 2804 1297 2855 sq.

151 2857 272 2911 155555.
289 2900 295 2912 .
311 2900 317 2912 .
333 2857 455 2911 saucius’
477 2857 590 2912 Servius
609 2858 679 2912 Aen.
700 2858 823 2912 1111476
905 2862 957 2910 523
968 2875 1009 2927 sq.
1031 2856 1123 2911 ‘illum
1143 2899 1149 2911 .
1170 2901 1176 2913 .
1196 2900 1202 2912 .
1222 2857 1298 2912 inse-

149 2927 254 2996 quitur’
276 2927 388 2982 Servius
407 2930 476 2983 Aen.
496 2929 546 2982 Vll
566 2934 618 2982 533
675 2929 845 2998 ‘insequitur
863 2928 966 2982 infesto
985 2946 1010 2983 v.
1030 2927 1162 2998 Pyrrhus'
1185 2928 1297 2983 Servius

148 3003 217 3053 Aen.
236 2999 262 3053 X
281 3004 331 3053 140
422 3005 472 3053 531
493 3000 602 3054 Nouius
621 3006 733 3068 234,12
824 3005 876 3053 533
898 3003 1079 3069 ‘quamquam
1100 3042 1150 3055 ...
1171 3002 1295 3055 tenetur’

150 3069 263 3124 Servius
282 3075 350 3125 Aen.
370 3071 465 3125 11317
557 3077 609 3124 531
628 3071 783 3125 Arusianus
803 3071 854 3124 Vll
874 3070 969 3125 50111.
991 3072 1055 3125 ‘nec
1075 3114 1080 3126 .
1102 3115 1108 3126 .
1129 3115 1134 3126 .
1154 3070 1294 3140 peporcit'

150 3142 285 3196 Sacerdos
308 3142 346 3196 Vl
371 3143 466 3196 43311.
557 3147 697 3196 535-531
719 3143 762 3197 ‘at
786 3185 792 3197 .
813 3188 818 3199 .
839 3185 845 3197 .
870 3142 983 3211 dignas’
1013 3141 1101 3195 Iulius
1131 3142 1297 3196 Rufinianus

148 3231 177 3282 p.
191 3213 264 3268 4311.
338 3219 390 3268 535
408 3213 568 3268 Macrobius
583 3214 641 3269 Sat.
662 3213 699 3267 IV
718 3220 742 3284 2,
757 3220 774 3268 2
796 3216 838 3269 'at
857 3257 862 3268 .
879 3256 885 3268 .
902 3255 908 3267 .
928 3213 1078 3268 exclamat’
1096 3213 1220 3268 Audacia
1235 3230 1292 3268 exc.

150 3284 202 3338 Vll
221 3283 314 3341 aun
371 3285 438 3341 151.
459 3328 465 3341 .
486 3327 492 3340 .
513 3285 629 3341 scelere’
650 3285 778 3341 Donatus
797 3287 860 3340 Ter.
879 3284 965 3340 Andr.
986 3284 1024 3338 IV
1044 3290 1068 3355 1,
1083 3290 1118 3338 43

151 3432 362 3440 „qq-*-

240 3562 334 3603 55555
363 3562 484 3603 aromo.
539 3547 599 3606 521
626 3545 689 3604 Nec
712 3544 807 3606 talib
896 3564 957 3604 non
980 3543 1186 3604 defensoribus
1210 3544 1295 3603 55551.

151 3632 268 3692 [arcora
358 3635 421 3693 522
447 3627 599 3694 ‘subaudis
628 3638 730 3709 posset
752 3629 922 3693 defendere'
949 3633 1083 3693 Servius·
1106 3633 1295 3707 inperfectum

151 3724 616 3797 5551555515155555551515555
626 3729 787 3798 55155515.
808 3720 1296 3797 cfiKloubetepbem.Aastr.1881

219 3813 281 3871 523
306 3812 377 3870 huic
401 3814 439 3871 51
511 3813 613 3871 omnes
633 3815 670 3872 ab
738 3815 802 3872 524
826 3813 890 3871 fata
909 3802 978 3893 (om.
993 3805 1059 3891 ore)
1073 3811 1166 3871 Nonii
1181 3813 1299 3885 acsmpl.

219 3938 282 3996 aaa
308 3904 523 4016 argaeum
546 3935 801 3996 nononauun
824 3937 915 3996 5555
994 3938 1055 3997 sae
1080 3936 1235 4012 ,5555

152 4043 220 4164 53}
244 4043 341 4101 hostes
366 4046 441 4104 5255
554 4046 616 4104 529
643 4043 833 4102 deunana
865 4044 973 4122 Myobc
1087 4044 1148 4103 531
1171 4037 1298 4162 Soculos]

152 4181 309 4244 VLOLOS
332 4186 361 4244 P
447 4189 511 4248 532
536 4186 637 4246 fundit
660 4186 810 4246 Bentleius
908 4188 972 4246 533
996 4179 1187 4242 PRIAMVA
1210 4183 1239 4240 P

153 4292 217 4440 ἓὲἓ
240 4292 392 4439 pbstinuit
423 4287 455 4376 (o
483 4311 557 4353 cerr.
580 4296 612 4353 15
635 4311 667 4368 5,
699 4293 709 4351 i
733 4312 784 4367 pr.
809 4297 841 4353 55
863 4284 981 4370 55535
1073 4309 1146 4349 5555
1174 4291 1209 4349 51

279 4390 348 4442 ,15

205 4488 326 4543 umnec«,
341 4491 426 4537 Vsrpil.
442 4491 472 4530 11.
1055 4480 1089 4529 20
