3000 4958
642 367 743 424 c1a1s
786 341 798 365 ”

177 553 272 614 quem
295 529 429 614 pavidae
452 530 584 594 alternis
608 530 750 615 fugitant
774 534 951 614 optantque
974 530 1099 614 puellae

176 636 384 722 (Hesperium
406 637 520 723 vitant,
543 641 658 721 optant
675 637 836 701 ardescere
859 635 990 723 Eoum),

94 759 103 777 ·
175 744 353 827 praeceptis
377 746 468 827 paret
490 744 582 828 virgo
605 743 740 808 nutricis
764 748 796 808 et
820 744 924 808 omnis

174 850 315 934 undique
338 850 501 933 conquirit
523 850 664 914 nubendi
688 850 798 915 sedala
821 872 941 914 causas.

175 959 376 1039 temptantur
398 957 522 1040 patriae
545 956 715 1021 submissis
739 957 871 1021 vocibus
898 979 999 1041 aures,
1201 974 1253 1023 366

173 1061 408 1147 laudenturque
432 1064 534 1128 bonae
557 1065 644 1149 pacis
668 1063 765 1127 bona:
789 1063 911 1127 multus
934 1064 1061 1146 ineptae

173 1170 309 1255 virginis
332 1170 465 1235 insolito
489 1193 593 1235 sermo
617 1192 721 1235 novus
744 1174 829 1234 errat
852 1171 887 1233 in
910 1192 972 1235 ore.

174 1298 259 1340 nunc
281 1280 416 1340 tremere
439 1277 592 1341 instantis
615 1276 692 1339 belli
716 1277 889 1340 certamina
912 1276 989 1340 dicit

175 1405 437 1469 communemque
459 1384 572 1447 timere
596 1382 699 1468 deum,
721 1404 806 1446 nunc
828 1382 914 1467 regis
938 1383 1058 1469 amicis,

77 1526 88 1546 ·
175 1491 301 1574 iamque
324 1491 387 1576 ipsi
406 1491 555 1557 veritast:
579 1490 694 1554 orbum
713 1488 770 1552 flet
787 1492 910 1553 maesta
928 1492 1102 1574 parentem,
1200 1507 1252 1556 360

173 1619 245 1662 cum
268 1597 344 1663 Iove
367 1619 550 1663 communes
574 1597 629 1681 qui
651 1596 735 1660 nolit
757 1595 876 1659 habere
898 1600 1039 1679 nepotes.

172 1726 257 1769 nunc
281 1705 377 1769 etiam
400 1705 541 1770 conficta
559 1702 633 1768 dolo
656 1702 820 1767 mendacia
843 1702 931 1786 turpi

172 1811 296 1875 invenit
319 1816 351 1875 et
374 1812 484 1876 divum
505 1814 606 1875 terret
629 1810 798 1874 formidine
821 1810 919 1893 cives3

171 1940 257 1982 nunc
280 1918 342 1982 alia
361 1940 399 1983 ex
423 1919 496 1983 aliis
519 1916 591 2004 (nec
614 1916 745 2004 desunt)
768 1918 877 1981 omina
900 1918 1032 2001 quaerit.

174 2025 373 2107 quinetiam
396 2028 502 2088 castos
527 2045 604 2086 ausa
627 2026 676 2086 est
700 2045 902 2108 corrumpere
926 2028 1026 2109 vates,
1200 2042 1251 2089 aaa

172 2136 219 2218 ut,
241 2153 313 2195 cum
336 2152 427 2195 caesa
450 2130 503 2213 pio
527 2129 693 2193 cecidisset
716 2129 847 2193 victima
868 2130 964 2215 ferra,
1035 2175 1039 2180 «

172 2241 280 2302 essent
303 2237 359 2321 qui
383 2257 535 2322 generum
558 2235 669 2300 Minoa
692 2237 878 2299 auctoribus
902 2236 984 2300 extis

173 2345 305 2431 iungere
329 2348 360 2408 et
384 2343 539 2427 ancipites
562 2342 732 2406 suaderent
755 2341 868 2406 tollere
891 2363 1024 2428 pugnas.

216 2450 262 2515 At
285 2451 406 2536 nutrix,
427 2448 539 2534 patula
561 2471 755 2533 componens
780 2449 934 2534 sulphura
957 2454 1051 2535 testa,

101 2601 241 2659 ueniente
265 2599 340 2658 mihi
359 2621 382 2658 ω
406 2598 575 2657 uenientem
599 2617 685 2657 mane
705 2598 733 2656 L
757 2599 878 2658 veniens
897 2599 977 2657 mani
996 2600 1081 2673 culpo
1103 2598 1251 2658 venientis

102 2689 182 2747 enim
205 2691 237 2748 ia
253 2689 423 2763 parenthesi
444 2689 527 2746 Ellis
607 2686 696 2746 abela
714 2689 750 2746 H
768 2692 843 2747 m.1
950 2690 1011 2748 351
1037 2706 1077 2761 sq.
1101 2690 1136 2761 σῇ
1162 2687 1251 2747 Calli·

101 2779 196 2837 machi
210 2777 339 2838 Hecatae
351 2779 389 2851 [r.
406 2778 447 2836 52
508 2795 565 2854 que
580 2776 610 2834 L
672 2780 778 2852 optant
798 2778 821 2851 L
842 2779 963 2837 obstant
982 2798 1005 2835 ω
1074 2778 1137 2836 352
1153 2777 1250 2836 Eoum

102 2867 252 2926 Bentleias
274 2869 314 2927 aa
333 2865 506 2926 Callimachi
529 2868 548 2924 l.
567 2867 602 2925 t:
625 2866 787 2938 cf..Naehii
805 2884 900 2941 opusc.
921 2865 951 2925 11
975 2887 1002 2941 p.
1024 2868 1074 2941 38,
1093 2865 1251 2925 om.AHH

101 2956 248 3016 solemL
361 2957 426 3015 354
451 2950 573 3032 ‘condrit
595 2955 632 3013 H
655 2956 773 3027 conqrit
796 2957 825 3014 R
938 2958 1000 3015 355
1031 2955 1199 3014 Tautantur
1221 2956 1250 3013 L

102 3045 280 3121 Temptatus
300 3066 324 3104 a
392 3044 508 3121 patriae
527 3045 556 3103 L
578 3044 699 3120 propria
717 3043 784 3103 Aa
803 3045 923 3121 proprie
942 3045 972 3103 R
1037 3044 1202 3103 summissis
1221 3044 1251 3102 L

190 3133 504 3194 356Laudante1·ll
581 3134 657 3192 bone
676 3134 763 3193 Hm.
781 3138 796 3192 1
814 3135 842 3193 L
865 3152 961 3193 novae
979 3133 1059 3193 Ellis
1125 3132 1251 3208 multus,

99 3242 138 3282 aa.
151 3241 206 3282 rec.
221 3223 325 3282 uultus
336 3224 368 3281 H
381 3223 520 3281 multisR
570 3223 689 3297 ineptae
700 3223 835 3282 Pithoeus
848 3223 947 3298 inepte
957 3224 993 3280 H
1004 3214 1251 3303 inempt(a)eAIt

99 3312 201 3387 inepto
220 3313 248 3371 L
354 3314 415 3391 361
441 3312 563 3392 insolito
587 3312 722 3371 Pithoeus
744 3312 864 3372 insolite
882 3310 949 3370 ΑΗ
959 3331 996 3370 m.
1014 3316 1029 3371 1
1056 3311 1177 3387 insolita
1192 3312 1250 3369 LR

151 3401 358 3461 sermunculus
376 3401 457 3460 Ellis
512 3404 577 3460 erat
594 3401 657 3459 HR
748 3403 810 3461 358
835 3402 923 3477 bellis
944 3402 980 3459 H
1050 3400 1134 3459 ducit
1151 3401 1188 3457 H

102 3492 163 3550 359
189 3491 278 3550 amici
296 3490 325 3548 L
439 3492 503 3550 360
526 3491 645 3566 iamque
664 3491 816 3565 Haaphas
842 3491 949 3567 Namq·
970 3489 995 3548 0
1022 3507 1100 3548 nunc
1122 3488 1251 3548 Kochias

144 3580 191 3653 isio
210 3580 239 3637 L
303 3579 432 3638 ueritast
450 3579 529 3639 Ellis
551 3581 665 3638 ueritas
689 3584 734 3638 ast
752 3579 845 3638 AHR
869 3580 967 3639 uerita
990 3583 1036 3638 est
1054 3578 1084 3636 L
1143 3578 1250 3637 orbum

100 3667 192 3726 ΑΗΒ
215 3669 316 3727 orbari
334 3669 363 3727 L
421 3668 473 3727 flet
491 3668 551 3726 AB
574 3668 609 3726 fit
627 3670 667 3736 H,
691 3688 746 3728 om.
768 3670 797 3727 L
852 3669 957 3746 parete
975 3670 1004 3726 R
1026 3672 1150 3744 parente
1169 3669 1197 3726 L

100 3759 161 3815 361
188 3756 240 3833 qui
262 3757 340 3817 nolit
367 3760 471 3832 scripsi
493 3758 568 3834 quin
586 3758 622 3814 H
646 3759 718 3834 quin
737 3760 766 3816 R
790 3758 840 3835 qui
864 3757 1016 3835 quondam
1034 3758 1063 3815 L
1082 3776 1170 3834 quern
1194 3775 1249 3833 par

99 3845 139 3903 sit
154 3845 309 3918 Hauptias
323 3846 374 3922 qui
396 3865 456 3905 non
475 3846 528 3905 dat
545 3846 625 3905 Eua
643 3848 695 3923 qui
714 3848 816 3906 mittat
835 3849 994 3906 Baehrens.
1014 3847 1082 3905 olim
1096 3851 1249 3920 praeterea

99 3934 151 4009 qui
174 3934 269 4010 possit
286 3938 428 4008 proposui
489 3935 599 3994 habere
617 3936 769 4010 Haaph'as
791 3936 965 3996 habuereO
987 3954 1075 3996 avere
1099 3936 1250 3994 Baehraa
1357 3980 1362 3987 .

145 4025 208 4082 362
234 4023 360 4082 conficta
379 4046 398 4081 α
422 4025 558 4083 confecta
578 4024 601 4081 0
624 4029 760 4085 conserta
783 4019 883 4085 ‘alias'
907 4026 1031 4084 Loeasis
1091 4027 1153 4085 364
1177 4022 1246 4098 nec]

98 4131 176 4170 nunc
187 4113 215 4171 L
280 4112 379 4171 omnia
389 4114 418 4170 H
477 4113 624 4188 quaeritat
639 4117 795 4190 quaerunt,
807 4133 879 4174 corr.
890 4115 1053 4191 quaeritH
1065 4117 1247 4190 quaeruntur

172 4203 235 4261 366
260 4203 296 4274 cf.
322 4200 430 4260 Oetaea
448 4200 624 4261 1111111369
694 4206 729 4261 ut
748 4225 767 4261 a
786 4203 865 4262 ΕΗ)
956 4205 1018 4265 367
1049 4207 1185 4262 esserto
1208 4202 1249 4261 Et

98 4290 178 4349 sinet
198 4284 227 4372 (
252 4309 289 4349 m.
308 4281 379 4370 ree.)
399 4291 434 4347 H
454 4290 495 4349 Et
513 4290 553 4349 sit
572 4288 601 4347 A
620 4283 756 4373 (ataid.)
774 4294 804 4351 R
828 4292 869 4351 Vt
892 4294 951 4351 sint
970 4294 998 4350 L
1022 4299 1099 4350 esset
1118 4292 1260 4365 81169643-

166 4380 238 4440 estis
256 4378 323 4438 ΑΗ
337 4382 408 4440 ael
430 4380 459 4438 R
559 4381 623 4440 368
647 4380 788 4441 suaderet
810 4380 902 4440 Ana
993 4384 1055 4441 369
1080 4382 1121 4440 Et
1140 4382 1171 4439 H
