3038 4964
534 390 683 453 YERGILI
702 388 835 445 AENEIS
854 389 904 444 XII
1227 387 1290 453 829

208 559 254 621 ‘os
279 578 430 642 germana
452 556 539 621 Iovis
563 553 759 640 Saturnique
782 554 885 620 altera
907 553 1027 639 proles:
1237 569 1289 618 830

208 665 329 728 irarum
353 668 464 730 tantos
487 663 590 729 volvis
615 663 675 728 sub
698 666 828 747 pectore
851 661 977 727 fluctus.

212 794 323 836 verum
347 792 406 857 age
430 775 462 836 et
485 771 650 854 inceptum
673 771 795 835 frustra
818 769 984 834 summitte
1007 770 1161 835 furorem:

209 879 244 944 ni
268 883 300 944 te
323 882 434 944 tantus
457 879 523 943 edit
546 879 679 944 tacitam
702 877 795 944 dolor
818 876 953 942 etmihi
977 899 1071 942 curae

211 1009 305 1070 saepe
328 989 385 1051 tuo
410 984 494 1051 dulci
518 986 628 1051 tristes
653 1007 691 1050 ex
715 1007 770 1050 ore
792 987 967 1070 recursem,

211 1093 251 1158 do
275 1093 362 1178 quod
385 1093 445 1180 ris,
467 1097 500 1158 et
522 1115 573 1157 me
596 1094 764 1177 victusque
788 1093 962 1176 volensque
985 1091 1125 1156 remitto.

211 1223 391 1266 sermonem
414 1200 552 1266 Ausonii
575 1200 717 1284 patrium
739 1221 908 1283 moresque
928 1198 1093 1286 tenebunt,

210 1314 310 1394 utque
333 1313 383 1374 est
406 1329 524 1373 nomen
547 1308 622 1394 erit3
645 1307 811 1372 commixti
834 1327 967 1389 corpore
990 1309 1082 1371 tento

148 1436 149 1440 ¹
211 1415 379 1480 subsident
402 1415 524 1480 Teucri.
570 1437 693 1480 morem
715 1416 863 1499 ritusque
887 1435 1050 1478 sacrorum

173 1503 181 1515 ’
211 1521 346 1587 adiciam
369 1523 547 1607 faciemque
571 1522 675 1588 omnis
699 1544 764 1587 uno
789 1543 843 1586 ore
869 1521 1011 1586 Latinos.

209 1630 284 1693 hino
307 1650 409 1715 genus
432 1629 579 1696 Ausonio
602 1631 741 1694 mixtum
765 1629 851 1713 quod
875 1629 1030 1714 sanguine
1054 1632 1181 1714 surget,

211 1760 308 1821 supra
329 1737 487 1825 homines,
510 1760 608 1821 supra
630 1738 677 1802 ire
700 1737 776 1801 deos
799 1736 920 1821 pietate
943 1735 1076 1824 videbis,

210 1867 268 1934 nec
292 1866 371 1930 gens
395 1844 463 1908 ulla
484 1848 559 1909 tuos
583 1866 683 1929 aeque
706 1843 881 1908 celebrabit
903 1843 1062 1909 bonores.’
1238 1860 1291 1911 840

211 1951 323 2016 adnuit
346 1951 398 2015 his
421 1951 503 2016 Iuno
527 1955 560 2015 et
583 1954 722 2015 mentem
745 1951 866 2015 laetata
888 1952 1029 2015 retorsit.

211 2059 334 2122 interea
358 2056 481 2122 excedit
504 2056 591 2122 caelo
614 2057 797 2141 nubemque
819 2057 981 2141 relinquit.

258 2200 320 2265 His
344 2201 424 2265 actis
448 2198 535 2263 aliud
558 2199 686 2285 genitor
709 2221 816 2264 secum
839 2199 907 2283 ipse
931 2199 1057 2264 volutat

211 2309 443 2392 Iuturnamque
466 2311 560 2391 parat
582 2306 693 2371 fratris
717 2305 880 2370 dimittere
904 2307 943 2371 ab
968 2307 1073 2371 armis.

211 2416 361 2482 dicuntur
385 2416 530 2502 geminae
553 2419 661 2501 pestes
686 2415 877 2500 cognomine
900 2414 1007 2502 Dirae,
1242 2432 1293 2483 ste

234 2647 401 2682 rnsrruouu.
439 2634 492 2683 830
502 2647 542 2697 sq.
568 2627 680 2683 Servius
699 2628 767 2683 Aen.
783 2627 795 2681 I
809 2633 844 2681 23
869 2626 1049 2696 ‘Saturnique
1069 2671 1075 2682 .
1097 2670 1103 2683 .
1123 2670 1130 2683 .
1149 2628 1245 2682 tantos
1265 2631 1295 2683 et

145 2700 265 2767 reliqua’
288 2700 400 2755 Servius
419 2700 487 2755 Aen.
504 2700 540 2753 IV
556 2705 598 2755 02.
618 2705 670 2754 372
779 2704 831 2753 832
856 2700 954 2767 ‘quare
979 2715 1032 2768 age
1056 2701 1085 2752 et
1103 2698 1133 2754 i.’
1154 2698 1204 2754 ult.
1231 2698 1292 2768 syll.

145 2772 183 2826 IV
198 2776 249 2825 247
260 2772 291 2825 K.
366 2775 417 2825 801
439 2773 486 2826 ‘ne
497 2816 503 2827 .
515 2815 521 2827 .
534 2814 539 2825 .
550 2769 641 2824 dolor’
662 2771 811 2825 Diomedes
827 2771 839 2824 I
854 2776 905 2824 362
916 2769 949 2825 K.
968 2770 1039 2825 Acro
1058 2769 1125 2826 Hor.
1146 2771 1226 2840 epod.
1237 2777 1262 2840 3,
1278 2777 1294 2825 3

234 2846 286 2896 802
308 2842 396 2897 ‘dulci
416 2858 450 2897 ex
468 2859 515 2897 ore
535 2843 655 2896 recuset’
676 2841 830 2912 Augustini
848 2841 937 2910 regul.
958 2843 983 2896 V
1002 2846 1054 2896 800
1064 2840 1098 2897 K.
1188 2847 1240 2896 836
1253 2861 1294 2911 sq.

148 2915 264 2968 ‘morem
280 2957 285 2969 .
303 2957 308 2968 .
325 2957 330 2969 .
347 2912 480 2968 adiciam'
500 2912 661 2968 Macrobius
681 2913 738 2969 Sat.
754 2912 793 2968 111
807 2919 832 2980 8,
847 2918 881 2967 13
954 2918 1005 2967 841
1025 2912 1134 2968 Nonius
1148 2918 1209 2982 438,
1225 2919 1257 2968 11

146 2991 198 3039 840
211 2984 323 3040 Servius
334 2986 403 3040 Aen.
414 2986 424 3038 1
436 2985 586 3040 20371022
602 2985 640 3038 1v
650 2991 701 3040 009
712 2987 791 3040 ‘sunt
803 2984 932 3055 geminae
942 2986 981 3054 p.'
992 2984 1104 3040 Servius
1114 2985 1183 3040 Aen.
1193 2985 1231 3039 ΙΠ
1242 2991 1294 3039 200

235 3208 330 3251 VARIA
348 3207 469 3251 ascero.
509 3192 572 3250 832
592 3188 708 3266 verum]
730 3208 822 3268 quare
841 3194 961 3249 testetur
979 3193 1080 3249 auctor
1098 3192 1133 3250 de
1149 3191 1199 3251 ult.
1217 3194 1297 3266 nsit:

147 3283 182 3354 cf.
203 3280 263 3339 VII
284 3283 348 3341 429
435 3281 495 3339 Hie
514 3282 575 3340 801
588 3297 627 3353 sq.
652 3281 818 3339 inserendos
842 3297 901 3339 esse
923 3281 1120 3340 demonstrare
1142 3281 1241 3340 studui
1264 3284 1296 3342 in

147 3372 254 3430 entend.
276 3371 359 3444 Vero.
373 3389 407 3444 p.
423 3371 463 3429 16
474 3388 533 3443 sqq.
603 3371 663 3430 801
686 3368 730 3427 NI
744 3369 788 3428 Pl
810 3369 864 3428 ΝΕ
879 3368 994 3447 ΜΡ2γ,
1012 3369 1163 3430 Diomedis
1177 3372 1295 3445 eaenpl.

146 3534 200 3575 nec
220 3517 261 3583 bc,
284 3513 403 3574 Servius
425 3516 457 3573 e'n
480 3514 571 3572 bmm.
640 3515 671 3572 te
693 3530 748 3571 nec
769 3509 851 3571 Aere
917 3453 1013 3570 EDiT
1033 3512 1077 3592 Py
1101 3511 1210 3571 EDAT
1224 3513 1296 3574 Mtc

148 3604 211 3663 edit
233 3608 374 3664 testantur
397 3602 551 3662 Diomedes
573 3607 599 3661 et
621 3600 709 3669 Aere
733 3602 833 3676 leyieee
854 3601 969 3660 videtur
990 3599 1110 3662 Seruius
1128 3620 1238 3676 quoque

558 3683 579 3723 a

146 3748 209 3807 802
240 3745 377 3806 dulei.e
466 3742 677 3804 REOUSENT
701 3746 754 3803 Mc
866 3744 929 3803 833
959 3744 1094 3804 uolens
1117 3735 1202 3825 (lm.
1225 3739 1295 3825 2)γ

147 3832 333 3893 VOLVENS
352 3835 381 3893 P
467 3836 531 3895 835
557 3833 716 3894 commixto
735 3855 759 3911 χ,
783 3833 933 3893 Mede’eeus
956 3838 981 3893 et
1002 3833 1124 3894 Porcius
1147 3835 1239 3894 Pierii

148 3923 354 3983 SANGVINE
374 3924 417 3983 R:
440 3925 476 3997 cf.
497 3925 560 3984 838
652 3919 788 3982 ΤΑΝΤΟ
807 3923 867 4000 Rq,
885 3923 1085 3996 probaverunt
1107 3923 1248 3983 Heinsius
1272 3928 1298 3982 et
1374 3970 1379 3978 .

147 4014 298 4073 Beetlee'as
321 4012 492 4072 TANTVM
514 4013 629 4093 MBsbc
727 4014 789 4072 836
815 4011 944 4071 RETVS
963 4013 992 4071 P
1078 4013 1141 4071 837
1167 4011 1297 4071 adicient

143 4120 229 4179 prop.
259 4103 432 4176 Weeaerus,
456 4105 503 4162 cui
526 4105 561 4162 de
583 4107 638 4162 toto
661 4103 720 4161 loeo
743 4119 802 4161 noe
824 4103 911 4176 liquet
1001 4098 1135 4159 OMNES
1155 4101 1296 4180 Μ2Ργ20

215 4194 278 4252 838
293 4191 389 4270 surgit
402 4195 454 4272 71:
469 4193 504 4252 de
517 4191 555 4250 M
567 4209 626 4251 non
639 4194 712 4253 sutis
726 4196 836 4252 constet
904 4193 966 4251 841
983 4191 1102 4251 vultum
1116 4187 1296 4314 §edimus

215 4336 278 4396 842
295 4333 460 4393 oruuvu
472 4327 514 4416 (v
528 4352 603 4395 corr.
616 4337 649 4395 a
663 4326 703 4416 o)
717 4335 747 4393 P
817 4336 881 4394 844
902 4333 1092 4393 remitteres
1112 4331 1296 4414 dimitterer

72 4425 77 4432 ’
148 4425 324 4487 descendere
340 4423 422 4485 dou.
443 4430 503 4485 tert.
518 4416 623 4506 (voluit
640 4416 821 4506 discindere)
835 4424 988 4483 dimittere
1007 4421 1126 4483 Servius
1145 4425 1297 4495 confirmat
