3006 4972
462 352 610 409 vnnanl
629 351 843 408 GEORGICON
859 353 898 406 III
1194 351 1257 416 169

181 520 349 606 ardebant,
372 520 499 605 ipsique
522 540 599 584 suos
622 518 687 583 iam
709 520 814 582 morte
838 517 898 582 sub
922 537 1018 603 aegra

183 626 228 714 (di
251 628 386 692 meliora
408 627 471 711 piis
494 648 700 710 erroremque
722 624 873 690 hostibus
896 624 1018 711 illuml)

182 735 333 800 discissos
356 735 451 799 nudis
474 734 640 799 laniabant
664 733 815 798 dentibus
839 736 937 797 artus.

184 864 251 907 ecce
275 846 383 908 autem
406 842 486 906 duro
510 843 638 906 fumans
662 840 722 905 sub
746 863 874 905 vomere
896 843 1009 905 taurus
1207 858 1258 905 515

185 950 321 1015 concidit
345 954 377 1014 et
401 951 539 1014 miiitum
562 948 685 1033 spumis
708 948 811 1013 vomit
834 969 889 1011 ore
911 969 1057 1012 cruorem

184 1062 406 1141 extremosque
429 1057 491 1121 ciet
514 1056 662 1141 gemitus.
708 1055 735 1119 it
758 1054 863 1119 tristis
887 1058 996 1119 arator

184 1169 377 1229 maerentem
400 1164 579 1249 abiungens
602 1163 746 1227 fraterna
767 1165 871 1227 morte
894 1163 1079 1249 iuvencum,

184 1277 279 1357 atque
302 1293 399 1356 opere
421 1272 457 1336 in
478 1271 582 1335 medio
607 1270 710 1334 defixa
731 1270 887 1354 relinquit
910 1274 1024 1334 aratra.

184 1401 250 1444 non
270 1379 402 1443 umbrae
426 1378 567 1442 altorum
589 1400 772 1463 nemorum,
793 1399 860 1442 non
882 1377 993 1442 mollia
1015 1381 1153 1462 possunt
1208 1396 1260 1444 sao

184 1490 276 1569 prata
297 1507 425 1550 movere
450 1485 606 1572 animum,
627 1506 694 1549 non
718 1485 773 1568 qui
797 1506 853 1569 per
877 1507 954 1548 saxa
976 1486 1107 1549 volutus

185 1593 295 1678 purior
318 1593 435 1658 electro
459 1614 607 1677 campum
630 1592 713 1676 petit
737 1592 911 1676 amnis3at
933 1592 999 1656 ima

185 1699 352 1765 solvontur
375 1699 491 1786 latera,
515 1703 611 1783 atque
636 1699 745 1763 oculos
770 1703 885 1782 stupor
907 1704 1002 1784 urget
1025 1700 1152 1786 inertis,

184 1806 224 1871 sd
245 1811 427 1890 terramque
451 1806 524 1871 fluit
547 1806 666 1871 devexo
691 1806 830 1890 pondere
853 1807 967 1870 cervix.

184 1914 260 1998 quid
283 1914 376 1979 labor
394 1917 450 1978 aut
473 1913 641 1978 benefacta
658 1914 792 1978 iuvant?
816 1913 894 1997 quid
912 1936 1040 1978 vomere
1059 1919 1161 1979 terras
1208 1932 1259 1980 525
1344 1995 1351 2011 .

184 2021 354 2086 invertisse
378 2021 507 2106 gravis?
532 2022 623 2105 atqui
646 2042 713 2084 non
735 2020 874 2085 Massica
897 2020 1013 2085 Bacchi

184 2150 330 2214 munera,
351 2150 418 2202 non
440 2128 505 2192 illis
530 2128 643 2212 epulae
665 2149 802 2191 nocuere
825 2131 985 2211 repostae:

184 2234 352 2298 frondibus
376 2238 408 2298 et
431 2235 519 2299 victu
542 2239 719 2319 pascuntur
743 2234 898 2319 simplicis
921 2234 1053 2323 herbae,

184 2342 299 2425 pocula
322 2345 398 2405 sunt
421 2343 528 2407 fontes
551 2342 667 2428 liquidi
691 2346 788 2426 atque
812 2343 950 2407 exercita
973 2365 1068 2407 cursu

186 2447 333 2535 flumina,
355 2470 413 2513 nec
436 2470 565 2513 somnos
589 2448 754 2533 abrumpit
777 2471 853 2513 cura
877 2449 1024 2513 salubris.
1209 2468 1260 2515 530

183 2560 327 2639 ternpore
350 2577 416 2621 non
439 2557 502 2621 alio
527 2556 638 2620 dicunt
661 2556 848 2641 regionibus
871 2556 937 2620 illis

204 2767 371 2821 mmom.
418 2754 559 2803 512-514
579 2748 699 2818 ‘ipsique
711 2795 716 2804 .
728 2792 734 2804 .
746 2793 752 2804 .
764 2747 907 2804 discissos’
931 2766 1013 2805 anon.
1033 2751 1067 2804 de
1087 2752 1189 2805 schem.
1209 2751 1261 2805 lex.

115 2839 142 2890 p.
153 2826 186 2874 51
195 2820 238 2887 Η,
254 2820 302 2890 qui
316 2838 379 2874 curn
393 2821 595 2890 parentheeeos
611 2820 738 2890 exemplo
753 2823 863 2890 utatur,
879 2838 990 2875 versum
1006 2828 1058 2875 513
1084 2821 1175 2890 quiin
1194 2823 1261 2877 edit.

116 2893 171 2946 vet.
186 2891 279 2960 deest,
298 2891 402 2962 legisse
420 2892 562 2962 putandus
581 2893 626 2946 est
706 2896 758 2945 513
777 2892 904 2948 Donatus
922 2893 985 2948 Ter.
1004 2865 1117 2963 adelph.
1135 2894 1212 2963 1113,
1228 2900 1262 2948 58

116 2966 290 3033 Augustinus
310 2962 346 3017 de
365 2963 428 3018 trin.
448 2963 514 3017 XIV
535 2968 568 3017 13
594 2962 636 3017 ‘di
654 2962 773 3018 meliora
810 2964 858 3018 iis'
888 2964 995 3018 Nonius
1015 2969 1075 3031 371,
1090 2970 1125 3020 30
1149 2965 1262 3019 Servius

116 3035 184 3088 Aen.
199 3033 238 3087 XI
257 3039 290 3087 32
365 3041 416 3089 514
437 3034 582 3089 ‘discissos
597 3054 623 3090 n.
639 3035 669 3089 l.’
690 3034 740 3091 ult.
756 2983 818 3104 syll.
834 3035 872 3089 IV
887 3041 939 3089 253
949 3035 982 3090 Κ.
1064 3041 1116 3090 517
1137 3035 1173 3090 ‘it
1186 3038 1207 3091 t.
1223 3038 1259 3092 a’

117 3105 224 3159 Nonius
243 3110 336 3175 331,3
409 3111 461 3160 519
480 3106 607 3160 Donatus
626 3105 688 3160 Ter.
704 3107 789 3161 Andr.
805 3108 831 3160 ΙΙ
850 3111 904 3176 5,1
926 3106 1038 3160 Servius
1057 3107 1108 3163 ecl.
1128 3107 1156 3160 Il
1175 3113 1208 3161 70

117 3182 256 3231 520-522
283 3179 351 3232 ‘non
369 3178 485 3231 umbrae
506 3220 556 3233 ...
577 3177 679 3232 amnis'
700 3178 860 3234 Macrobius
880 3179 937 3234 Sat.
956 3179 991 3232 VI
1010 3185 1034 3244 2,
1050 3184 1066 3232 6
1156 3184 1260 3248 522111.

118 3248 186 3302 ‘ima
202 3292 207 3303 .
224 3292 230 3303 .
246 3293 252 3304 .
267 3247 378 3303 inertis‘
395 3249 503 3304 Nonius
517 3255 606 3318 418‚4
679 3253 731 3302 523
753 3250 850 3320 ‘atque
922 3249 1040 3304 inertes'
1058 3249 1144 3304 schol.
1156 3251 1261 3304 Lucani

117 3319 153 3373 Vl
174 3325 209 3373 59
290 3324 342 3373 525
354 3337 393 3389 sq.
415 3322 424 3345 ‘
447 3320 496 3374 uid
515 3320 615 3375 labor.
632 3363 638 3375 .
655 3363 660 3375 .
676 3320 782 3390 gravis'
802 3320 910 3375 Nonius
930 3327 1022 3388 314,4
1108 3327 1160 3375 525
1181 3321 1261 3392 ‘quid

119 3433 149 3445 ..
170 3435 177 3447 .
196 3391 305 3446 iuvant’
333 3392 405 3446 Acro
425 3338 491 3447 dor.
512 3408 596 3446 carm.
617 3392 628 3444 Ι
648 3397 723 3460 28,4
813 3398 865 3446 526
876 3411 916 3460 sq.
941 3392 1033 3460 ‘atqui
1054 3437 1059 3448 .
1081 3437 1086 3449 .
1107 3394 1259 3448 ‚munera’

118 3462 187 3516 Acro
206 3461 273 3517 Hor.
292 3478 376 3518 carm.
396 3464 407 3516 1
428 3467 502 3528 1,19
606 3468 709 3531 529111.
737 3463 850 3533 ‘pocula
870 3507 875 3518 .
897 3508 902 3519 .
923 3508 929 3519 .
949 3463 1076 3518 flumina'
1101 3465 1262 3519 Macrobius

120 3533 175 3588 Sat.
191 3533 229 3586 VI
250 3541 273 3601 1,
289 3537 324 3587 04
398 3534 503 3589 ‘fontes
523 3577 530 3589 .
550 3578 556 3589 .
578 3577 583 3588 .
602 3533 729 3588 flumina’
760 3536 832 3589 Acro
858 3535 923 3590 Hor.
950 3536 1191 3603 carm.1111‚20

120 3609 170 3658 530
191 3605 253 3660 ‘nso
274 3645 325 3659 ...
345 3604 482 3659 salubres'
505 3609 576 3660 Acro
590 3604 657 3661 Hor.
672 3605 753 3674 epod.
768 3606 793 3658 ΙΙ
814 3612 829 3659 5
848 3607 935 3661 schol.
954 3605 1021 3663 Hor.
1041 3606 1123 3676 epist.
1143 3607 1155 3660 Ι
1175 3611 1261 3677 10,18

203 3808 300 3851 vaura
321 3808 443 3851 annulo.
491 3795 556 3854 512
579 3787 653 3870 iam]
677 3793 722 3851 IN
745 3795 774 3851 R
864 3795 928 3853 513
953 3791 1148 3853 ARDOREM
1168 3795 1197 3852 R
1217 3814 1262 3853 er-

118 3900 214 3940 rorem
236 3880 441 3954 Philarpyrius
532 3884 595 3942 514
620 3881 713 3941 UDIS
736 3875 779 3964 (N
796 3875 874 3957 sup.)
892 3884 931 3939 M
951 3883 1040 3942 nudis
1058 3884 1263 3958 Philurpyrius

183 3972 247 4030 516
272 3968 464 4031 CONDIDIT
488 3973 516 4029 R
598 3973 661 4031 517
686 3972 739 4034 ΕΤ
761 3972 827 4029 ΜΡ
906 3974 968 4032 519
993 3971 1040 4030 lM
1062 3973 1091 4030 P
1154 3973 1262 4034 RELI-

119 4059 214 4128 QVIT
238 4060 295 4136 Ρπ,
318 4060 467 4128 Donatus,
496 4059 615 4120 80105111
638 4061 685 4119 cel.
708 4060 740 4119 Π
764 4064 805 4120 70
918 4061 1061 4138 relinquit
1089 4065 1190 4120 aratra
1216 4054 1262 4143 (in

120 4202 184 4278 quit
202 4203 305 4260 aratra
318 4204 350 4260 in
363 4194 474 4285 ras.)b
548 4204 612 4262 520
626 4221 684 4276 sqq.
698 4205 735 4276 cf.
749 4203 825 4276 prol.
845 4204 887 4262 48
957 4205 1021 4263 520
1037 4143 1262 4261 ANllblBRAE

118 4282 159 4371 (A
167 4309 216 4365 pr.
232 4283 321 4366 cras.)
341 4293 381 4349 M
446 4293 509 4352 523
533 4291 707 4352 INERTES
723 4293 817 4370 Myso
908 4294 970 4352 525
996 4293 1102 4351 iuuant
1124 4292 1215 4351 Nonii
1238 4314 1262 4367 φ

208 4381 272 4440 526
298 4379 458 4440 GRAUES
482 4383 557 4462 Μγ2
650 4383 714 4441 530
738 4381 946 4440 SALUBRES
969 4382 1021 4440 Mc
