<?xml version="1.0" encoding="UTF-8"?>
<!DOCTYPE html PUBLIC "-//W3C//DTD XHTML 1.0 Transitional//EN"
    "http://www.w3.org/TR/xhtml1/DTD/xhtml1-transitional.dtd">
<html xmlns="http://www.w3.org/1999/xhtml" xml:lang="en" lang="en">
 <head>
  <title>
</title>
<meta http-equiv="Content-Type" content="text/html;charset=utf-8" />
  <meta name='ocr-system' content='tesseract 3.04.00' />
  <meta name='ocr-capabilities' content='ocr_page ocr_carea ocr_par ocr_line ocrx_word'/>
</head>
<body>
  <div class='ocr_page' id='page_1' title='image "./pvergilimaronis00ribbgoog/pvergilimaronis00ribbgoog_0750.png"; bbox 0 0 3038 4966; ppageno 0'>
   <div class='ocr_carea' id='block_1_1' title="bbox 531 391 875 449">
    <p class='ocr_par' dir='ltr' id='par_1_1' title="bbox 531 391 875 449">
     <span class='ocr_line' id='line_1_1' title="bbox 531 391 875 449; baseline 0.003 -1"><span class='ocrx_word' id='word_1_1' title='bbox 531 393 680 449; x_wconf 80' lang='lat' dir='ltr'><strong>VERGILI</strong></span> <span class='ocrx_word' id='word_1_2' title='bbox 699 391 831 449; x_wconf 78' lang='lat' dir='ltr'><strong>AENEIS</strong></span> <span class='ocrx_word' id='word_1_3' title='bbox 850 395 875 449; x_wconf 99' lang='grc' dir='ltr'>Χ</span> 
     </span>
    </p>
   </div>
   <div class='ocr_carea' id='block_1_2' title="bbox 195 559 1289 2468">
    <p class='ocr_par' dir='ltr' id='par_1_2' title="bbox 195 559 1017 645">
     <span class='ocr_line' id='line_1_2' title="bbox 195 559 1017 645; baseline -0.001 -20"><span class='ocrx_word' id='word_1_4' title='bbox 195 562 367 626; x_wconf 89' lang='lat' dir='ltr'><strong>immanem</strong></span> <span class='ocrx_word' id='word_1_5' title='bbox 391 562 499 623; x_wconf 88' lang='lat' dir='ltr'><strong>aerato</strong></span> <span class='ocrx_word' id='word_1_6' title='bbox 523 559 706 623; x_wconf 74' lang='lat' dir='ltr'><strong>circumfert</strong></span> <span class='ocrx_word' id='word_1_7' title='bbox 728 559 871 645; x_wconf 84' lang='lat' dir='ltr'><strong>tegmine</strong></span> <span class='ocrx_word' id='word_1_8' title='bbox 894 559 1017 624; x_wconf 84' lang='lat' dir='ltr'><strong>silvam.</strong></span> 
     </span>
    </p>

    <p class='ocr_par' dir='ltr' id='par_1_3' title="bbox 195 665 1075 752">
     <span class='ocr_line' id='line_1_3' title="bbox 195 665 1075 752; baseline -0.001 -19"><span class='ocrx_word' id='word_1_9' title='bbox 195 667 269 733; x_wconf 91' lang='lat' dir='ltr'><strong>inde</strong></span> <span class='ocrx_word' id='word_1_10' title='bbox 292 666 348 731; x_wconf 92' lang='lat' dir='ltr'><strong>ubi</strong></span> <span class='ocrx_word' id='word_1_11' title='bbox 371 669 423 729; x_wconf 91' lang='lat' dir='ltr'><strong>tot</strong></span> <span class='ocrx_word' id='word_1_12' title='bbox 445 665 583 730; x_wconf 74' lang='lat' dir='ltr'><strong>traxisse</strong></span> <span class='ocrx_word' id='word_1_13' title='bbox 605 687 723 752; x_wconf 89' lang='lat' dir='ltr'><strong>moras,</strong></span> <span class='ocrx_word' id='word_1_14' title='bbox 744 670 796 730; x_wconf 95' lang='lat' dir='ltr'><strong>tot</strong></span> <span class='ocrx_word' id='word_1_15' title='bbox 819 666 943 750; x_wconf 86' lang='lat' dir='ltr'><strong>spicula</strong></span> <span class='ocrx_word' id='word_1_16' title='bbox 968 668 1075 732; x_wconf 88' lang='lat' dir='ltr'><strong>taedet</strong></span> 
     </span>
    </p>

    <p class='ocr_par' dir='ltr' id='par_1_4' title="bbox 195 772 1015 858">
     <span class='ocr_line' id='line_1_4' title="bbox 195 772 1015 858; baseline -0.005 -17"><span class='ocrx_word' id='word_1_17' title='bbox 195 774 312 841; x_wconf 79' lang='lat' dir='ltr'><strong>vellere</strong></span> <span class='ocrx_word' id='word_1_18' title='bbox 335 776 368 838; x_wconf 91' lang='lat' dir='ltr'><strong>et</strong></span> <span class='ocrx_word' id='word_1_19' title='bbox 390 776 525 858; x_wconf 81' lang='lat' dir='ltr'><strong>urgetur</strong></span> <span class='ocrx_word' id='word_1_20' title='bbox 547 793 657 858; x_wconf 78' lang='lat' dir='ltr'><strong>pugna</strong></span> <span class='ocrx_word' id='word_1_21' title='bbox 680 772 1015 858; x_wconf 77' lang='lat' dir='ltr'><strong>congressus-iniqua,</strong></span> 
     </span>
    </p>

    <p class='ocr_par' dir='ltr' id='par_1_5' title="bbox 196 879 1274 1072">
     <span class='ocr_line' id='line_1_5' title="bbox 196 879 1274 964; baseline -0.003 -16"><span class='ocrx_word' id='word_1_22' title='bbox 196 883 298 948; x_wconf 90' lang='lat' dir='ltr'><strong>multa</strong></span> <span class='ocrx_word' id='word_1_23' title='bbox 321 901 453 945; x_wconf 84' lang='lat' dir='ltr'><strong>movens</strong></span> <span class='ocrx_word' id='word_1_24' title='bbox 477 879 584 944; x_wconf 90' lang='lat' dir='ltr'><strong>animo</strong></span> <span class='ocrx_word' id='word_1_25' title='bbox 608 880 673 944; x_wconf 88' lang='lat' dir='ltr'><strong>iam</strong></span> <span class='ocrx_word' id='word_1_26' title='bbox 695 879 825 944; x_wconf 90' lang='lat' dir='ltr'><strong>tandem</strong></span> <span class='ocrx_word' id='word_1_27' title='bbox 848 880 989 964; x_wconf 75' lang='lat' dir='ltr'>erumpit</span> <span class='ocrx_word' id='word_1_28' title='bbox 1010 884 1043 945; x_wconf 93' lang='lat' dir='ltr'><strong>et</strong></span> <span class='ocrx_word' id='word_1_29' title='bbox 1066 881 1151 945; x_wconf 88' lang='lat' dir='ltr'><strong>inter</strong></span> <span class='ocrx_word' id='word_1_30' title='bbox 1223 896 1274 945; x_wconf 84' lang='grc'><strong>000</strong></span> 
     </span>
     <span class='ocr_line' id='line_1_6' title="bbox 197 986 1028 1072; baseline -0.005 -17"><span class='ocrx_word' id='word_1_31' title='bbox 197 988 364 1055; x_wconf 90' lang='lat' dir='ltr'><strong>bellatoris</strong></span> <span class='ocrx_word' id='word_1_32' title='bbox 387 988 461 1072; x_wconf 90' lang='lat' dir='ltr'><strong>equi</strong></span> <span class='ocrx_word' id='word_1_33' title='bbox 485 1009 562 1052; x_wconf 84' lang='lat' dir='ltr'><strong>cava</strong></span> <span class='ocrx_word' id='word_1_34' title='bbox 584 991 731 1072; x_wconf 90' lang='lat' dir='ltr'><strong>tempora</strong></span> <span class='ocrx_word' id='word_1_35' title='bbox 753 987 870 1052; x_wconf 86' lang='lat' dir='ltr'><strong>conicit</strong></span> <span class='ocrx_word' id='word_1_36' title='bbox 892 986 1028 1051; x_wconf 79' lang='lat' dir='ltr'><strong>hastam.</strong></span> 
     </span>
    </p>

    <p class='ocr_par' dir='ltr' id='par_1_6' title="bbox 196 1094 1065 1178">
     <span class='ocr_line' id='line_1_7' title="bbox 196 1094 1065 1178; baseline -0.005 -16"><span class='ocrx_word' id='word_1_37' title='bbox 196 1097 284 1163; x_wconf 91' lang='lat' dir='ltr'><strong>tollit</strong></span> <span class='ocrx_word' id='word_1_38' title='bbox 307 1117 341 1160; x_wconf 91' lang='lat' dir='ltr'><strong>se</strong></span> <span class='ocrx_word' id='word_1_39' title='bbox 364 1099 523 1160; x_wconf 88' lang='lat' dir='ltr'><strong>arrectum</strong></span> <span class='ocrx_word' id='word_1_40' title='bbox 547 1094 728 1178; x_wconf 84' lang='lat' dir='ltr'><strong>quadrupes</strong></span> <span class='ocrx_word' id='word_1_41' title='bbox 751 1098 784 1158; x_wconf 94' lang='lat' dir='ltr'><strong>et</strong></span> <span class='ocrx_word' id='word_1_42' title='bbox 807 1094 947 1159; x_wconf 79' lang='lat' dir='ltr'><strong>calcibus</strong></span> <span class='ocrx_word' id='word_1_43' title='bbox 971 1117 1065 1158; x_wconf 90' lang='lat' dir='ltr'><strong>auras</strong></span> 
     </span>
    </p>

    <p class='ocr_par' dir='ltr' id='par_1_7' title="bbox 196 1201 1091 1286">
     <span class='ocr_line' id='line_1_8' title="bbox 196 1201 1091 1286; baseline -0.003 -17"><span class='ocrx_word' id='word_1_44' title='bbox 196 1205 343 1270; x_wconf 87' lang='lat' dir='ltr'><strong>verberat</strong></span> <span class='ocrx_word' id='word_1_45' title='bbox 366 1202 565 1286; x_wconf 87' lang='lat' dir='ltr'><strong>effusumque</strong></span> <span class='ocrx_word' id='word_1_46' title='bbox 588 1201 729 1286; x_wconf 78' lang='lat' dir='ltr'><strong>equitem</strong></span> <span class='ocrx_word' id='word_1_47' title='bbox 752 1223 848 1285; x_wconf 91' lang='lat' dir='ltr'><strong>super</strong></span> <span class='ocrx_word' id='word_1_48' title='bbox 871 1201 940 1286; x_wconf 91' lang='lat' dir='ltr'><strong>ipse</strong></span> <span class='ocrx_word' id='word_1_49' title='bbox 963 1206 1091 1266; x_wconf 90' lang='lat' dir='ltr'><strong>secutus</strong></span> 
     </span>
    </p>

    <p class='ocr_par' dir='ltr' id='par_1_8' title="bbox 196 1307 1110 1396">
     <span class='ocr_line' id='line_1_9' title="bbox 196 1307 1110 1396; baseline -0.005 -19"><span class='ocrx_word' id='word_1_50' title='bbox 196 1311 341 1396; x_wconf 90' lang='lat' dir='ltr'><strong>implicat</strong></span> <span class='ocrx_word' id='word_1_51' title='bbox 364 1310 528 1394; x_wconf 90' lang='lat' dir='ltr'><strong>eiectoque</strong></span> <span class='ocrx_word' id='word_1_52' title='bbox 551 1307 709 1373; x_wconf 73' lang='lat' dir='ltr'><strong>incumbit</strong></span> <span class='ocrx_word' id='word_1_53' title='bbox 733 1330 869 1373; x_wconf 87' lang='lat' dir='ltr'><strong>cernuus</strong></span> <span class='ocrx_word' id='word_1_54' title='bbox 893 1331 991 1373; x_wconf 91' lang='lat' dir='ltr'><strong>armo.</strong></span> <span class='ocrx_word' id='word_1_55' title='bbox 1108 1361 1110 1364; x_wconf 89' lang='lat'><em>.</em></span> 
     </span>
    </p>

    <p class='ocr_par' dir='ltr' id='par_1_9' title="bbox 198 1415 1274 1610">
     <span class='ocr_line' id='line_1_10' title="bbox 198 1415 1274 1501; baseline -0.003 -16"><span class='ocrx_word' id='word_1_56' title='bbox 198 1420 335 1485; x_wconf 88' lang='lat' dir='ltr'><strong>elamore</strong></span> <span class='ocrx_word' id='word_1_57' title='bbox 357 1416 531 1482; x_wconf 90' lang='lat' dir='ltr'><strong>incendunt</strong></span> <span class='ocrx_word' id='word_1_58' title='bbox 553 1417 677 1481; x_wconf 91' lang='lat' dir='ltr'><strong>caelum</strong></span> <span class='ocrx_word' id='word_1_59' title='bbox 699 1416 862 1501; x_wconf 83' lang='lat' dir='ltr'><strong>Troesque</strong></span> <span class='ocrx_word' id='word_1_60' title='bbox 885 1415 1065 1501; x_wconf 79' lang='lat' dir='ltr'><strong>Latinique.</strong></span> <span class='ocrx_word' id='word_1_61' title='bbox 1223 1434 1274 1482; x_wconf 79' lang='grc'><strong>000</strong></span> 
     </span>
     <span class='ocr_line' id='line_1_11' title="bbox 198 1522 928 1610; baseline -0.004 -18"><span class='ocrx_word' id='word_1_62' title='bbox 198 1526 327 1592; x_wconf 84' lang='lat' dir='ltr'><strong>advolat</strong></span> <span class='ocrx_word' id='word_1_63' title='bbox 349 1522 473 1590; x_wconf 81' lang='lat' dir='ltr'><strong>Aeneas</strong></span> <span class='ocrx_word' id='word_1_64' title='bbox 497 1525 677 1610; x_wconf 82' lang='lat' dir='ltr'><strong>vaginaque</strong></span> <span class='ocrx_word' id='word_1_65' title='bbox 700 1524 797 1609; x_wconf 88' lang='lat' dir='ltr'><strong>eripit</strong></span> <span class='ocrx_word' id='word_1_66' title='bbox 820 1545 928 1589; x_wconf 90' lang='lat' dir='ltr'><strong>ensem</strong></span> 
     </span>
    </p>

    <p class='ocr_par' dir='ltr' id='par_1_10' title="bbox 197 1631 1091 1718">
     <span class='ocr_line' id='line_1_12' title="bbox 197 1631 1091 1718; baseline -0.003 -19"><span class='ocrx_word' id='word_1_67' title='bbox 197 1638 230 1699; x_wconf 87' lang='lat' dir='ltr'><strong>et</strong></span> <span class='ocrx_word' id='word_1_68' title='bbox 252 1632 462 1718; x_wconf 88' lang='lat' dir='ltr'><strong>superhaec:</strong></span> <span class='ocrx_word' id='word_1_69' title='bbox 485 1631 554 1696; x_wconf 85' lang='lat' dir='ltr'><strong>‘ubi</strong></span> <span class='ocrx_word' id='word_1_70' title='bbox 576 1654 662 1696; x_wconf 93' lang='lat' dir='ltr'><strong>nunc</strong></span> <span class='ocrx_word' id='word_1_71' title='bbox 683 1631 862 1697; x_wconf 88' lang='lat' dir='ltr'><strong>Mezentius</strong></span> <span class='ocrx_word' id='word_1_72' title='bbox 886 1654 957 1696; x_wconf 89' lang='lat' dir='ltr'><strong>acer</strong></span> <span class='ocrx_word' id='word_1_73' title='bbox 979 1636 1012 1696; x_wconf 91' lang='lat' dir='ltr'><strong>et</strong></span> <span class='ocrx_word' id='word_1_74' title='bbox 1034 1632 1091 1696; x_wconf 89' lang='lat' dir='ltr'><strong>illa</strong></span> 
     </span>
    </p>

    <p class='ocr_par' dir='ltr' id='par_1_11' title="bbox 198 1738 1051 1825">
     <span class='ocr_line' id='line_1_13' title="bbox 198 1738 1051 1825; baseline -0.001 -20"><span class='ocrx_word' id='word_1_75' title='bbox 198 1741 293 1805; x_wconf 87' lang='lat' dir='ltr'><strong>effera</strong></span> <span class='ocrx_word' id='word_1_76' title='bbox 315 1741 365 1804; x_wconf 83' lang='lat' dir='ltr'><strong>vis</strong></span> <span class='ocrx_word' id='word_1_77' title='bbox 388 1738 521 1804; x_wconf 79' lang='lat' dir='ltr'><strong>animi?&#39;</strong></span> <span class='ocrx_word' id='word_1_78' title='bbox 545 1743 658 1804; x_wconf 91' lang='lat' dir='ltr'><strong>contra</strong></span> <span class='ocrx_word' id='word_1_79' title='bbox 679 1739 874 1825; x_wconf 79' lang='lat' dir='ltr'><strong>Tyrrhenus,</strong></span> <span class='ocrx_word' id='word_1_80' title='bbox 896 1742 934 1803; x_wconf 91' lang='lat' dir='ltr'><strong>ut</strong></span> <span class='ocrx_word' id='word_1_81' title='bbox 957 1761 1051 1804; x_wconf 89' lang='lat' dir='ltr'><strong>auras</strong></span> 
     </span>
    </p>

    <p class='ocr_par' dir='ltr' id='par_1_12' title="bbox 199 1845 1040 1933">
     <span class='ocr_line' id='line_1_14' title="bbox 199 1845 1040 1933; baseline -0.002 -20"><span class='ocrx_word' id='word_1_82' title='bbox 199 1847 376 1933; x_wconf 85' lang='lat' dir='ltr'><strong>suspiciens</strong></span> <span class='ocrx_word' id='word_1_83' title='bbox 399 1846 510 1910; x_wconf 90' lang='lat' dir='ltr'><strong>hausit</strong></span> <span class='ocrx_word' id='word_1_84' title='bbox 532 1845 655 1910; x_wconf 89' lang='lat' dir='ltr'><strong>caelum</strong></span> <span class='ocrx_word' id='word_1_85' title='bbox 677 1849 880 1930; x_wconf 90' lang='lat' dir='ltr'><strong>mentemque</strong></span> <span class='ocrx_word' id='word_1_86' title='bbox 904 1846 1040 1931; x_wconf 89' lang='lat' dir='ltr'><strong>recepit:</strong></span> 
     </span>
    </p>

    <p class='ocr_par' dir='ltr' id='par_1_13' title="bbox 198 1952 1289 2147">
     <span class='ocr_line' id='line_1_15' title="bbox 199 1952 1289 2039; baseline -0.001 -20"><span class='ocrx_word' id='word_1_87' title='bbox 199 1954 315 2019; x_wconf 76' lang='lat' dir='ltr'><strong>‘hostis</strong></span> <span class='ocrx_word' id='word_1_88' title='bbox 340 1974 456 2039; x_wconf 79' lang='lat' dir='ltr'><strong>amare,</strong></span> <span class='ocrx_word' id='word_1_89' title='bbox 479 1952 556 2037; x_wconf 90' lang='lat' dir='ltr'><strong>quid</strong></span> <span class='ocrx_word' id='word_1_90' title='bbox 579 1952 752 2037; x_wconf 90' lang='lat' dir='ltr'><strong>increpitas</strong></span> <span class='ocrx_word' id='word_1_91' title='bbox 776 1958 976 2038; x_wconf 87' lang='lat' dir='ltr'><strong>mortemque</strong></span> <span class='ocrx_word' id='word_1_92' title='bbox 999 1954 1155 2019; x_wconf 82' lang='lat' dir='ltr'><strong>minaris?</strong></span> <span class='ocrx_word' id='word_1_93' title='bbox 1228 1971 1289 2027; x_wconf 80' lang='lat' dir='ltr'><strong>auu</strong></span> 
     </span>
     <span class='ocr_line' id='line_1_16' title="bbox 198 2059 1080 2147; baseline -0.001 -22"><span class='ocrx_word' id='word_1_94' title='bbox 198 2061 325 2125; x_wconf 92' lang='lat' dir='ltr'><strong>nullum</strong></span> <span class='ocrx_word' id='word_1_95' title='bbox 347 2061 382 2125; x_wconf 94' lang='lat' dir='ltr'><strong>in</strong></span> <span class='ocrx_word' id='word_1_96' title='bbox 405 2059 498 2124; x_wconf 88' lang='lat' dir='ltr'><strong>caede</strong></span> <span class='ocrx_word' id='word_1_97' title='bbox 520 2059 622 2143; x_wconf 89' lang='lat' dir='ltr'><strong>nefas,</strong></span> <span class='ocrx_word' id='word_1_98' title='bbox 643 2080 702 2124; x_wconf 88' lang='lat' dir='ltr'><strong>nec</strong></span> <span class='ocrx_word' id='word_1_99' title='bbox 724 2060 771 2124; x_wconf 89' lang='lat' dir='ltr'><strong>sic</strong></span> <span class='ocrx_word' id='word_1_100' title='bbox 794 2060 833 2124; x_wconf 90' lang='lat' dir='ltr'><strong>ad</strong></span> <span class='ocrx_word' id='word_1_101' title='bbox 856 2060 979 2144; x_wconf 90' lang='lat' dir='ltr'><strong>proelia</strong></span> <span class='ocrx_word' id='word_1_102' title='bbox 997 2062 1080 2147; x_wconf 83' lang='lat' dir='ltr'><strong>veni,</strong></span> 
     </span>
    </p>

    <p class='ocr_par' dir='ltr' id='par_1_14' title="bbox 199 2165 1158 2468">
     <span class='ocr_line' id='line_1_17' title="bbox 199 2165 1158 2251; baseline 0 -18"><span class='ocrx_word' id='word_1_103' title='bbox 199 2190 258 2233; x_wconf 87' lang='lat' dir='ltr'><strong>nec</strong></span> <span class='ocrx_word' id='word_1_104' title='bbox 281 2172 386 2233; x_wconf 88' lang='lat' dir='ltr'><strong>tecum</strong></span> <span class='ocrx_word' id='word_1_105' title='bbox 411 2189 499 2232; x_wconf 89' lang='lat' dir='ltr'><strong>meus</strong></span> <span class='ocrx_word' id='word_1_106' title='bbox 521 2167 599 2231; x_wconf 94' lang='lat' dir='ltr'><strong>haec</strong></span> <span class='ocrx_word' id='word_1_107' title='bbox 622 2166 747 2251; x_wconf 81' lang='lat' dir='ltr'><strong>pepigit</strong></span> <span class='ocrx_word' id='word_1_108' title='bbox 769 2165 850 2230; x_wconf 91' lang='lat' dir='ltr'><strong>mihi</strong></span> <span class='ocrx_word' id='word_1_109' title='bbox 873 2167 1002 2232; x_wconf 88' lang='lat' dir='ltr'><strong>foedera</strong></span> <span class='ocrx_word' id='word_1_110' title='bbox 1024 2166 1158 2233; x_wconf 88' lang='lat' dir='ltr'><strong>Lausus.</strong></span> 
     </span>
     <span class='ocr_line' id='line_1_18' title="bbox 200 2273 1154 2359; baseline -0.001 -19"><span class='ocrx_word' id='word_1_111' title='bbox 200 2298 299 2341; x_wconf 92' lang='lat' dir='ltr'><strong>unum</strong></span> <span class='ocrx_word' id='word_1_112' title='bbox 321 2275 384 2340; x_wconf 90' lang='lat' dir='ltr'><strong>hoc</strong></span> <span class='ocrx_word' id='word_1_113' title='bbox 406 2297 462 2359; x_wconf 90' lang='lat' dir='ltr'><strong>per</strong></span> <span class='ocrx_word' id='word_1_114' title='bbox 486 2274 579 2358; x_wconf 89' lang='lat' dir='ltr'><strong>siqua</strong></span> <span class='ocrx_word' id='word_1_115' title='bbox 602 2276 652 2338; x_wconf 90' lang='lat' dir='ltr'><strong>est</strong></span> <span class='ocrx_word' id='word_1_116' title='bbox 674 2274 769 2339; x_wconf 83' lang='lat' dir='ltr'><strong>vietis</strong></span> <span class='ocrx_word' id='word_1_117' title='bbox 794 2274 886 2338; x_wconf 86' lang='lat' dir='ltr'><strong>venia</strong></span> <span class='ocrx_word' id='word_1_118' title='bbox 908 2273 1060 2339; x_wconf 88' lang='lat' dir='ltr'><strong>hostibus</strong></span> <span class='ocrx_word' id='word_1_119' title='bbox 1084 2297 1154 2339; x_wconf 88' lang='lat' dir='ltr'><strong>oro:</strong></span> 
     </span>
     <span class='ocr_line' id='line_1_19' title="bbox 201 2381 1099 2468; baseline -0.003 -20"><span class='ocrx_word' id='word_1_120' title='bbox 201 2405 317 2467; x_wconf 89' lang='lat' dir='ltr'><strong>corpus</strong></span> <span class='ocrx_word' id='word_1_121' title='bbox 340 2383 439 2448; x_wconf 90' lang='lat' dir='ltr'><strong>humo</strong></span> <span class='ocrx_word' id='word_1_122' title='bbox 462 2382 586 2467; x_wconf 90' lang='lat' dir='ltr'><strong>patiare</strong></span> <span class='ocrx_word' id='word_1_123' title='bbox 608 2381 684 2468; x_wconf 85' lang='lat' dir='ltr'><strong>tegi.</strong></span> <span class='ocrx_word' id='word_1_124' title='bbox 730 2381 796 2446; x_wconf 89' lang='lat' dir='ltr'><strong>scio</strong></span> <span class='ocrx_word' id='word_1_125' title='bbox 820 2381 933 2446; x_wconf 89' lang='lat' dir='ltr'><strong>acerba</strong></span> <span class='ocrx_word' id='word_1_126' title='bbox 955 2403 1099 2446; x_wconf 88' lang='lat' dir='ltr'><strong>meorum</strong></span> 
     </span>
    </p>
   </div>
   <div class='ocr_carea' id='block_1_3' title="bbox 133 2662 1281 3290">
    <p class='ocr_par' dir='ltr' id='par_1_15' title="bbox 133 2662 1281 3161">
     <span class='ocr_line' id='line_1_20' title="bbox 222 2662 1279 2732; baseline -0.001 -13"><span class='ocrx_word' id='word_1_127' title='bbox 222 2685 389 2720; x_wconf 71' lang='lat' dir='ltr'><strong>enarmonia.</strong></span> <span class='ocrx_word' id='word_1_128' title='bbox 426 2669 477 2719; x_wconf 89' lang='grc'><strong>887</strong></span> <span class='ocrx_word' id='word_1_129' title='bbox 498 2662 657 2718; x_wconf 84' lang='lat' dir='ltr'><strong>Macrobius</strong></span> <span class='ocrx_word' id='word_1_130' title='bbox 676 2664 734 2719; x_wconf 84' lang='lat' dir='ltr'><strong>Sat.</strong></span> <span class='ocrx_word' id='word_1_131' title='bbox 750 2663 789 2717; x_wconf 93' lang='lat' dir='ltr'><strong>VI</strong></span> <span class='ocrx_word' id='word_1_132' title='bbox 808 2668 868 2732; x_wconf 87' lang='grc'><strong>8,8</strong></span> <span class='ocrx_word' id='word_1_133' title='bbox 959 2668 1011 2717; x_wconf 89' lang='grc'><strong>889</strong></span> <span class='ocrx_word' id='word_1_134' title='bbox 1037 2663 1077 2716; x_wconf 79' lang='lat' dir='ltr'><strong>‘et</strong></span> <span class='ocrx_word' id='word_1_135' title='bbox 1097 2707 1103 2718; x_wconf 88' lang='lat'><strong>.</strong></span> <span class='ocrx_word' id='word_1_136' title='bbox 1120 2706 1148 2718; x_wconf 87' lang='lat'><strong>..</strong></span> <span class='ocrx_word' id='word_1_137' title='bbox 1169 2663 1279 2732; x_wconf 87' lang='lat' dir='ltr'><strong>iniqua&#39;</strong></span> 
     </span>
     <span class='ocr_line' id='line_1_21' title="bbox 134 2733 1280 2803; baseline -0.003 -12"><span class='ocrx_word' id='word_1_138' title='bbox 134 2736 246 2791; x_wconf 76' lang='lat' dir='ltr'><strong>Servius</strong></span> <span class='ocrx_word' id='word_1_139' title='bbox 265 2739 333 2791; x_wconf 91' lang='lat' dir='ltr'><strong>Aen.</strong></span> <span class='ocrx_word' id='word_1_140' title='bbox 349 2737 400 2790; x_wconf 86' lang='lat' dir='ltr'><strong>XII</strong></span> <span class='ocrx_word' id='word_1_141' title='bbox 418 2742 470 2791; x_wconf 83' lang='grc'><strong>460</strong></span> <span class='ocrx_word' id='word_1_142' title='bbox 556 2740 608 2790; x_wconf 86' lang='grc'><strong>899</strong></span> <span class='ocrx_word' id='word_1_143' title='bbox 619 2752 660 2803; x_wconf 88' lang='lat' dir='ltr'><strong>sq.</strong></span> <span class='ocrx_word' id='word_1_144' title='bbox 682 2734 771 2790; x_wconf 83' lang='lat' dir='ltr'><strong>‘tollit</strong></span> <span class='ocrx_word' id='word_1_145' title='bbox 786 2778 792 2790; x_wconf 93' lang='lat'><strong>.</strong></span> <span class='ocrx_word' id='word_1_146' title='bbox 808 2778 814 2790; x_wconf 93' lang='lat'>.</span> <span class='ocrx_word' id='word_1_147' title='bbox 830 2777 836 2790; x_wconf 90' lang='lat'>.</span> <span class='ocrx_word' id='word_1_148' title='bbox 851 2735 990 2789; x_wconf 83' lang='lat' dir='ltr'><strong>verberat’</strong></span> <span class='ocrx_word' id='word_1_149' title='bbox 1011 2733 1172 2788; x_wconf 86' lang='lat' dir='ltr'><strong>Priscianus</strong></span> <span class='ocrx_word' id='word_1_150' title='bbox 1189 2741 1240 2790; x_wconf 88' lang='grc'><strong>703</strong></span> <span class='ocrx_word' id='word_1_151' title='bbox 1250 2735 1280 2788; x_wconf 89' lang='lat' dir='ltr'><strong>P.</strong></span> 
     </span>
     <span class='ocr_line' id='line_1_22' title="bbox 133 2804 1224 2876; baseline 0.001 -16"><span class='ocrx_word' id='word_1_152' title='bbox 133 2807 242 2862; x_wconf 87' lang='lat' dir='ltr'><strong>&#39;Nonius</strong></span> <span class='ocrx_word' id='word_1_153' title='bbox 260 2813 308 2876; x_wconf 85' lang='grc'><strong>99,</strong></span> <span class='ocrx_word' id='word_1_154' title='bbox 331 2814 362 2862; x_wconf 87' lang='grc'><strong>17</strong></span> <span class='ocrx_word' id='word_1_155' title='bbox 454 2812 505 2862; x_wconf 88' lang='grc'><strong>893</strong></span> <span class='ocrx_word' id='word_1_156' title='bbox 530 2806 716 2874; x_wconf 81' lang='lat' dir='ltr'><strong>‘effusumque</strong></span> <span class='ocrx_word' id='word_1_157' title='bbox 736 2848 764 2861; x_wconf 89' lang='lat'><strong>..</strong></span> <span class='ocrx_word' id='word_1_158' title='bbox 785 2849 791 2861; x_wconf 93' lang='lat'><strong>.</strong></span> <span class='ocrx_word' id='word_1_159' title='bbox 811 2807 935 2860; x_wconf 88' lang='lat' dir='ltr'><strong>secutus’</strong></span> <span class='ocrx_word' id='word_1_160' title='bbox 961 2804 1071 2861; x_wconf 88' lang='lat' dir='ltr'><strong>Nonius</strong></span> <span class='ocrx_word' id='word_1_161' title='bbox 1090 2810 1155 2874; x_wconf 84' lang='grc'>990,</span> <span class='ocrx_word' id='word_1_162' title='bbox 1176 2812 1224 2861; x_wconf 63' lang='grc' dir='ltr'><strong>18Δ</strong></span> 
     </span>
     <span class='ocr_line' id='line_1_23' title="bbox 134 2876 1278 2946; baseline 0.001 -14"><span class='ocrx_word' id='word_1_163' title='bbox 134 2884 186 2932; x_wconf 87' lang='grc'><strong>894</strong></span> <span class='ocrx_word' id='word_1_164' title='bbox 207 2878 364 2946; x_wconf 84' lang='lat' dir='ltr'><strong>‘eiectoque</strong></span> <span class='ocrx_word' id='word_1_165' title='bbox 384 2922 390 2933; x_wconf 90' lang='lat'><em>.</em></span> <span class='ocrx_word' id='word_1_166' title='bbox 411 2922 417 2933; x_wconf 87' lang='lat'><strong>.</strong></span> <span class='ocrx_word' id='word_1_167' title='bbox 437 2921 443 2933; x_wconf 86' lang='lat'><strong>.</strong></span> <span class='ocrx_word' id='word_1_168' title='bbox 464 2878 553 2931; x_wconf 87' lang='lat' dir='ltr'><strong>armo’</strong></span> <span class='ocrx_word' id='word_1_169' title='bbox 574 2876 682 2931; x_wconf 88' lang='lat' dir='ltr'><strong>Nonius</strong></span> <span class='ocrx_word' id='word_1_170' title='bbox 697 2883 745 2946; x_wconf 86' lang='grc'><strong>91,</strong></span> <span class='ocrx_word' id='word_1_171' title='bbox 759 2883 782 2930; x_wconf 88' lang='grc'><strong>3.</strong></span> <span class='ocrx_word' id='word_1_172' title='bbox 804 2883 864 2945; x_wconf 95' lang='grc'>300,</span> <span class='ocrx_word' id='word_1_173' title='bbox 879 2883 913 2931; x_wconf 84' lang='grc'><strong>99</strong></span> <span class='ocrx_word' id='word_1_174' title='bbox 1007 2881 1059 2945; x_wconf 69' lang='grc'><strong>895</strong></span> <span class='ocrx_word' id='word_1_175' title='bbox 1079 2876 1191 2931; x_wconf 86' lang='lat' dir='ltr'><strong>Servius</strong></span> <span class='ocrx_word' id='word_1_176' title='bbox 1210 2878 1278 2933; x_wconf 89' lang='lat' dir='ltr'><strong>Aen.</strong></span> 
     </span>
     <span class='ocr_line' id='line_1_24' title="bbox 135 2948 1281 3005; baseline -0.001 -1"><span class='ocrx_word' id='word_1_177' title='bbox 135 2949 239 3005; x_wconf 76' lang='lat' dir='ltr'>x1147</span> <span class='ocrx_word' id='word_1_178' title='bbox 296 2954 348 3005; x_wconf 91' lang='grc'><strong>897</strong></span> <span class='ocrx_word' id='word_1_179' title='bbox 369 2948 430 3003; x_wconf 82' lang='lat' dir='ltr'><strong>‘ubi</strong></span> <span class='ocrx_word' id='word_1_180' title='bbox 448 2951 493 3004; x_wconf 87' lang='lat' dir='ltr'><strong>cst</strong></span> <span class='ocrx_word' id='word_1_181' title='bbox 510 2948 676 3002; x_wconf 83' lang='lat' dir='ltr'><strong>Mezentius’</strong></span> <span class='ocrx_word' id='word_1_182' title='bbox 697 2948 836 3002; x_wconf 89' lang='lat' dir='ltr'><strong>Victorini</strong></span> <span class='ocrx_word' id='word_1_183' title='bbox 855 2948 1061 3004; x_wconf 81' lang='lat' dir='ltr'><strong>arsV1196K.</strong></span> <span class='ocrx_word' id='word_1_184' title='bbox 1129 2954 1182 3003; x_wconf 86' lang='grc'><strong>899</strong></span> <span class='ocrx_word' id='word_1_185' title='bbox 1202 2949 1281 3003; x_wconf 84' lang='lat' dir='ltr'><strong>‘hau-</strong></span> 
     </span>
     <span class='ocr_line' id='line_1_25' title="bbox 134 3019 1280 3090; baseline -0.001 -16"><span class='ocrx_word' id='word_1_186' title='bbox 134 3020 173 3074; x_wconf 87' lang='lat' dir='ltr'><strong>sit</strong></span> <span class='ocrx_word' id='word_1_187' title='bbox 187 3063 193 3076; x_wconf 93' lang='lat'>.</span> <span class='ocrx_word' id='word_1_188' title='bbox 209 3063 216 3076; x_wconf 89' lang='lat'><strong>.</strong></span> <span class='ocrx_word' id='word_1_189' title='bbox 231 3063 238 3078; x_wconf 93' lang='lat'><strong>.</strong></span> <span class='ocrx_word' id='word_1_190' title='bbox 252 3020 369 3090; x_wconf 85' lang='lat' dir='ltr'><strong>reecpit&#39;</strong></span> <span class='ocrx_word' id='word_1_191' title='bbox 391 3019 503 3075; x_wconf 82' lang='lat' dir='ltr'><strong>Servius</strong></span> <span class='ocrx_word' id='word_1_192' title='bbox 520 3023 586 3073; x_wconf 81' lang='lat' dir='ltr'><strong>Aen.</strong></span> <span class='ocrx_word' id='word_1_193' title='bbox 602 3019 614 3072; x_wconf 91' lang='grc' dir='ltr'>Ι</span> <span class='ocrx_word' id='word_1_194' title='bbox 629 3024 680 3072; x_wconf 88' lang='grc'><strong>788</strong></span> <span class='ocrx_word' id='word_1_195' title='bbox 700 3020 725 3073; x_wconf 94' lang='grc' dir='ltr'>Χ</span> <span class='ocrx_word' id='word_1_196' title='bbox 741 3025 790 3074; x_wconf 79' lang='grc'>781</span> <span class='ocrx_word' id='word_1_197' title='bbox 847 3023 899 3072; x_wconf 87' lang='lat'><strong>900</strong></span> <span class='ocrx_word' id='word_1_198' title='bbox 913 3019 1021 3073; x_wconf 89' lang='lat' dir='ltr'><strong>Nonius</strong></span> <span class='ocrx_word' id='word_1_199' title='bbox 1037 3025 1097 3086; x_wconf 89' lang='grc'>399,</span> <span class='ocrx_word' id='word_1_200' title='bbox 1113 3025 1155 3075; x_wconf 83' lang='grc'><strong>10.</strong></span> <span class='ocrx_word' id='word_1_201' title='bbox 1175 3025 1236 3088; x_wconf 82' lang='grc'>468,</span> <span class='ocrx_word' id='word_1_202' title='bbox 1247 3028 1280 3074; x_wconf 91' lang='grc'><strong>99</strong></span> 
     </span>
     <span class='ocr_line' id='line_1_26' title="bbox 135 3089 1280 3161; baseline -0.001 -15"><span class='ocrx_word' id='word_1_203' title='bbox 135 3091 238 3148; x_wconf 78' lang='lat' dir='ltr'><strong>‘hostis</strong></span> <span class='ocrx_word' id='word_1_204' title='bbox 249 3134 255 3146; x_wconf 89' lang='lat'>.</span> <span class='ocrx_word' id='word_1_205' title='bbox 267 3135 272 3147; x_wconf 94' lang='lat'>.</span> <span class='ocrx_word' id='word_1_206' title='bbox 285 3134 291 3147; x_wconf 93' lang='lat'>.</span> <span class='ocrx_word' id='word_1_207' title='bbox 302 3090 465 3161; x_wconf 85' lang='lat' dir='ltr'><strong>increpitas&#39;</strong></span> <span class='ocrx_word' id='word_1_208' title='bbox 486 3090 598 3145; x_wconf 77' lang='lat' dir='ltr'><strong>Servius</strong></span> <span class='ocrx_word' id='word_1_209' title='bbox 612 3090 680 3146; x_wconf 86' lang='lat' dir='ltr'><strong>Aen.</strong></span> <span class='ocrx_word' id='word_1_210' title='bbox 696 3090 734 3144; x_wconf 91' lang='lat' dir='ltr'><strong>IV</strong></span> <span class='ocrx_word' id='word_1_211' title='bbox 744 3095 796 3145; x_wconf 87' lang='grc'><strong>903</strong></span> <span class='ocrx_word' id='word_1_212' title='bbox 847 3089 949 3145; x_wconf 81' lang='lat' dir='ltr'><strong>‘hostis</strong></span> <span class='ocrx_word' id='word_1_213' title='bbox 969 3091 1006 3146; x_wconf 81' lang='lat' dir='ltr'><strong>a&#39;</strong></span> <span class='ocrx_word' id='word_1_214' title='bbox 1024 3090 1137 3146; x_wconf 81' lang='lat' dir='ltr'><strong>Servius</strong></span> <span class='ocrx_word' id='word_1_215' title='bbox 1151 3108 1195 3160; x_wconf 82' lang='lat' dir='ltr'><strong>ge.</strong></span> <span class='ocrx_word' id='word_1_216' title='bbox 1206 3092 1218 3145; x_wconf 91' lang='lat'><em>1</em></span> <span class='ocrx_word' id='word_1_217' title='bbox 1229 3097 1280 3145; x_wconf 83' lang='grc'><strong>190</strong></span> 
     </span>
    </p>

    <p class='ocr_par' dir='ltr' id='par_1_16' title="bbox 134 3161 1279 3290">
     <span class='ocr_line' id='line_1_27' title="bbox 206 3161 1279 3230; baseline -0.004 -10"><span class='ocrx_word' id='word_1_218' title='bbox 206 3169 259 3220; x_wconf 87' lang='grc'><strong>909</strong></span> <span class='ocrx_word' id='word_1_219' title='bbox 279 3161 315 3217; x_wconf 78' lang='lat' dir='ltr'><strong>‘si</strong></span> <span class='ocrx_word' id='word_1_220' title='bbox 330 3206 336 3219; x_wconf 93' lang='lat'>.</span> <span class='ocrx_word' id='word_1_221' title='bbox 353 3206 359 3218; x_wconf 94' lang='lat'>.</span> <span class='ocrx_word' id='word_1_222' title='bbox 374 3206 380 3219; x_wconf 92' lang='lat'><strong><em>.</em></strong></span> <span class='ocrx_word' id='word_1_223' title='bbox 396 3163 456 3218; x_wconf 87' lang='lat' dir='ltr'><strong>oro’</strong></span> <span class='ocrx_word' id='word_1_224' title='bbox 473 3161 586 3217; x_wconf 82' lang='lat' dir='ltr'><strong>Servius</strong></span> <span class='ocrx_word' id='word_1_225' title='bbox 601 3161 668 3216; x_wconf 86' lang='lat' dir='ltr'><strong>Aen.</strong></span> <span class='ocrx_word' id='word_1_226' title='bbox 683 3161 708 3216; x_wconf 83' lang='lat' dir='ltr'>X</span> <span class='ocrx_word' id='word_1_227' title='bbox 724 3167 776 3216; x_wconf 87' lang='grc'><strong>098</strong></span> <span class='ocrx_word' id='word_1_228' title='bbox 849 3166 900 3216; x_wconf 91' lang='grc'><strong>904</strong></span> <span class='ocrx_word' id='word_1_229' title='bbox 911 3179 952 3230; x_wconf 91' lang='lat' dir='ltr'><strong>sq.</strong></span> <span class='ocrx_word' id='word_1_230' title='bbox 973 3161 1042 3216; x_wconf 78' lang='lat' dir='ltr'><strong>‘scio</strong></span> <span class='ocrx_word' id='word_1_231' title='bbox 1058 3205 1064 3217; x_wconf 93' lang='lat'>.</span> <span class='ocrx_word' id='word_1_232' title='bbox 1081 3206 1087 3218; x_wconf 94' lang='lat'>.</span> <span class='ocrx_word' id='word_1_233' title='bbox 1103 3206 1109 3218; x_wconf 90' lang='lat'><strong>.</strong></span> <span class='ocrx_word' id='word_1_234' title='bbox 1125 3162 1201 3217; x_wconf 88' lang='lat' dir='ltr'><strong>odia’</strong></span> <span class='ocrx_word' id='word_1_235' title='bbox 1219 3163 1279 3218; x_wconf 83' lang='lat' dir='ltr'><strong>Ser·</strong></span> 
     </span>
     <span class='ocr_line' id='line_1_28' title="bbox 134 3233 369 3290; baseline -0.013 0"><span class='ocrx_word' id='word_1_236' title='bbox 134 3233 369 3290; x_wconf 81' lang='lat' dir='ltr'><strong>riusAen.X19</strong></span> 
     </span>
    </p>
   </div>
   <div class='ocr_carea' id='block_1_4' title="bbox 136 3489 1283 3705">
    <p class='ocr_par' dir='ltr' id='par_1_17' title="bbox 136 3489 1283 3705">
     <span class='ocr_line' id='line_1_29' title="bbox 224 3489 1283 3570; baseline 0.004 -19"><span class='ocrx_word' id='word_1_237' title='bbox 224 3510 320 3552; x_wconf 78' lang='lat' dir='ltr'><strong>vsma</strong></span> <span class='ocrx_word' id='word_1_238' title='bbox 342 3511 463 3553; x_wconf 79' lang='lat' dir='ltr'><strong>anemo.</strong></span> <span class='ocrx_word' id='word_1_239' title='bbox 511 3495 573 3553; x_wconf 89' lang='grc'><strong>887</strong></span> <span class='ocrx_word' id='word_1_240' title='bbox 597 3489 771 3568; x_wconf 88' lang='lat' dir='ltr'><strong>immanem]</strong></span> <span class='ocrx_word' id='word_1_241' title='bbox 791 3495 838 3552; x_wconf 90' lang='lat' dir='ltr'><strong>ter</strong></span> <span class='ocrx_word' id='word_1_242' title='bbox 860 3492 972 3552; x_wconf 87' lang='lat' dir='ltr'><strong>circum</strong></span> <span class='ocrx_word' id='word_1_243' title='bbox 994 3494 1143 3554; x_wconf 84' lang='lat' dir='ltr'><strong>Macrobii</strong></span> <span class='ocrx_word' id='word_1_244' title='bbox 1165 3497 1283 3570; x_wconf 76' lang='lat' dir='ltr'><strong>eaeupl.</strong></span> 
     </span>
     <span class='ocr_line' id='line_1_30' title="bbox 136 3574 1207 3705; baseline 0.001 -63"><span class='ocrx_word' id='word_1_245' title='bbox 136 3575 188 3663; x_wconf 78' lang='lat' dir='ltr'><strong>(cf.</strong></span> <span class='ocrx_word' id='word_1_246' title='bbox 207 3574 287 3664; x_wconf 85' lang='grc'>885)</span> <span class='ocrx_word' id='word_1_247' title='bbox 355 3583 496 3662; x_wconf 80' lang='lat' dir='ltr'><strong>tegmine,</strong></span> <span class='ocrx_word' id='word_1_248' title='bbox 521 3581 554 3642; x_wconf 77' lang='lat' dir='ltr'><strong>ai</strong></span> <span class='ocrx_word' id='word_1_249' title='bbox 577 3582 695 3661; x_wconf 80' lang='lat' dir='ltr'><strong>agmine</strong></span> <span class='ocrx_word' id='word_1_250' title='bbox 713 3581 936 3705; x_wconf 63' lang='lat' dir='ltr'>vaEGMINE</span> <span class='ocrx_word' id='word_1_251' title='bbox 961 3575 1001 3663; x_wconf 81' lang='grc' dir='ltr'><strong>(Τ</strong></span> <span class='ocrx_word' id='word_1_252' title='bbox 1023 3585 1056 3642; x_wconf 87' lang='lat' dir='ltr'><strong>in</strong></span> <span class='ocrx_word' id='word_1_253' title='bbox 1077 3575 1154 3662; x_wconf 85' lang='lat' dir='ltr'><strong>rus.)</strong></span> <span class='ocrx_word' id='word_1_254' title='bbox 1176 3583 1207 3643; x_wconf 86' lang='lat' dir='ltr'><em>R</em></span> 
     </span>
    </p>
   </div>
   <div class='ocr_carea' id='block_1_5' title="bbox 137 3724 1195 3847">
    <p class='ocr_par' dir='ltr' id='par_1_18' title="bbox 137 3724 1195 3847">
     <span class='ocr_line' id='line_1_31' title="bbox 137 3724 1195 3847; baseline -0.002 -61"><span class='ocrx_word' id='word_1_255' title='bbox 137 3728 202 3787; x_wconf 91' lang='grc'><strong>890</strong></span> <span class='ocrx_word' id='word_1_256' title='bbox 234 3727 375 3806; x_wconf 77' lang='lat' dir='ltr'><strong>erupity</strong></span> <span class='ocrx_word' id='word_1_257' title='bbox 497 3727 560 3786; x_wconf 80' lang='grc'><strong>899</strong></span> <span class='ocrx_word' id='word_1_258' title='bbox 594 3724 821 3847; x_wconf 63' lang='lat' dir='ltr'><strong>Qvnnptpus</strong></span> <span class='ocrx_word' id='word_1_259' title='bbox 849 3725 876 3783; x_wconf 89' lang='grc' dir='ltr'><em>Ρ</em></span> <span class='ocrx_word' id='word_1_260' title='bbox 910 3724 1137 3795; x_wconf 78' lang='lat' dir='ltr'><strong>QVADRIPES</strong></span> <span class='ocrx_word' id='word_1_261' title='bbox 1165 3727 1195 3784; x_wconf 85' lang='lat' dir='ltr'><em>R</em></span> 
     </span>
    </p>
   </div>
   <div class='ocr_carea' id='block_1_6' title="bbox 137 3861 1282 3990">
    <p class='ocr_par' dir='ltr' id='par_1_19' title="bbox 137 3861 1282 3990">
     <span class='ocr_line' id='line_1_32' title="bbox 137 3861 1282 3990; baseline 0 -62"><span class='ocrx_word' id='word_1_262' title='bbox 137 3870 202 3928; x_wconf 87' lang='grc'><strong>894</strong></span> <span class='ocrx_word' id='word_1_263' title='bbox 226 3867 382 3928; x_wconf 78' lang='lat' dir='ltr'>ELECTO</span> <span class='ocrx_word' id='word_1_264' title='bbox 401 3861 441 3950; x_wconf 81' lang='lat' dir='ltr'><strong>(L</strong></span> <span class='ocrx_word' id='word_1_265' title='bbox 465 3868 536 3928; x_wconf 84' lang='lat' dir='ltr'><strong>c&#39;orr.</strong></span> <span class='ocrx_word' id='word_1_266' title='bbox 560 3870 592 3927; x_wconf 87' lang='lat' dir='ltr'><strong>in</strong></span> <span class='ocrx_word' id='word_1_267' title='bbox 610 3863 638 3945; x_wconf 87' lang='grc' dir='ltr'><strong>Ι)</strong></span> <span class='ocrx_word' id='word_1_268' title='bbox 657 3869 698 3926; x_wconf 87' lang='grc' dir='ltr'><strong>Μ</strong></span> <span class='ocrx_word' id='word_1_269' title='bbox 717 3867 851 3947; x_wconf 77' lang='lat' dir='ltr'><strong>electoy</strong></span> <span class='ocrx_word' id='word_1_270' title='bbox 909 3866 1125 3990; x_wconf 53' lang='lat' dir='ltr'><strong>festivius</strong></span> <span class='ocrx_word' id='word_1_271' title='bbox 1143 3870 1173 3928; x_wconf 92' lang='lat' dir='ltr'><em>P</em></span> <span class='ocrx_word' id='word_1_272' title='bbox 1192 3867 1282 3928; x_wconf 81' lang='lat' dir='ltr'>CER·</span> 
     </span>
    </p>
   </div>
   <div class='ocr_carea' id='block_1_7' title="bbox 136 3986 1283 4264">
    <p class='ocr_par' dir='ltr' id='par_1_20' title="bbox 136 3986 1283 4264">
     <span class='ocr_line' id='line_1_33' title="bbox 136 3986 1281 4090; baseline -0.003 -19"><span class='ocrx_word' id='word_1_273' title='bbox 136 4009 355 4090; x_wconf 70' lang='grc'>00000101</span> <span class='ocrx_word' id='word_1_274' title='bbox 382 4029 511 4072; x_wconf 68' lang='lat' dir='ltr'><strong>canna</strong></span> <span class='ocrx_word' id='word_1_275' title='bbox 534 4010 653 4071; x_wconf 72' lang='lat' dir='ltr'><strong>serua</strong></span> <span class='ocrx_word' id='word_1_276' title='bbox 672 4014 698 4069; x_wconf 82' lang='lat' dir='ltr'><strong>u</strong></span> <span class='ocrx_word' id='word_1_277' title='bbox 714 4009 830 4070; x_wconf 67' lang='lat' dir='ltr'><strong>Nasus</strong></span> <span class='ocrx_word' id='word_1_278' title='bbox 894 3986 1009 4069; x_wconf 71' lang='lat' dir='ltr'><strong>Anao</strong></span> <span class='ocrx_word' id='word_1_279' title='bbox 1027 4012 1068 4069; x_wconf 80' lang='lat' dir='ltr'><strong>n</strong></span> <span class='ocrx_word' id='word_1_280' title='bbox 1135 4012 1198 4070; x_wconf 84' lang='grc'><strong>000</strong></span> <span class='ocrx_word' id='word_1_281' title='bbox 1219 4005 1281 4070; x_wconf 72' lang='lat' dir='ltr'><strong>‘aa</strong></span> 
     </span>
     <span class='ocr_line' id='line_1_34' title="bbox 136 4094 1283 4174; baseline -0.001 -13"><span class='ocrx_word' id='word_1_282' title='bbox 136 4101 220 4161; x_wconf 85' lang='lat' dir='ltr'><strong>volat</strong></span> <span class='ocrx_word' id='word_1_283' title='bbox 243 4101 373 4159; x_wconf 85' lang='lat' dir='ltr'><strong>Aeneas:</strong></span> <span class='ocrx_word' id='word_1_284' title='bbox 396 4102 480 4160; x_wconf 76' lang='lat' dir='ltr'><strong>mutii</strong></span> <span class='ocrx_word' id='word_1_285' title='bbox 505 4101 574 4160; x_wconf 79' lang='lat' dir='ltr'><strong>haec</strong></span> <span class='ocrx_word' id='word_1_286' title='bbox 596 4101 696 4159; x_wconf 79' lang='lat' dir='ltr'><strong>uolunt</strong></span> <span class='ocrx_word' id='word_1_287' title='bbox 720 4100 868 4172; x_wconf 70' lang='lat' dir='ltr'><strong>distinqui,</strong></span> <span class='ocrx_word' id='word_1_288' title='bbox 890 4100 975 4174; x_wconf 83' lang='lat' dir='ltr'><strong>quusi</strong></span> <span class='ocrx_word' id='word_1_289' title='bbox 997 4100 1086 4159; x_wconf 82' lang='lat' dir='ltr'><strong>simul</strong></span> <span class='ocrx_word' id='word_1_290' title='bbox 1107 4094 1194 4172; x_wconf 68' lang='lat' dir='ltr'><strong>fiunt&#39;</strong></span> <span class='ocrx_word' id='word_1_291' title='bbox 1216 4099 1283 4160; x_wconf 84' lang='lat' dir='ltr'><strong>Ser·</strong></span> 
     </span>
     <span class='ocr_line' id='line_1_35' title="bbox 136 4186 1240 4264; baseline -0.001 -14"><span class='ocrx_word' id='word_1_292' title='bbox 136 4193 202 4250; x_wconf 66' lang='lat' dir='ltr'><strong>rrius</strong></span> <span class='ocrx_word' id='word_1_293' title='bbox 223 4190 305 4250; x_wconf 88' lang='lat' dir='ltr'><strong>Dan.</strong></span> <span class='ocrx_word' id='word_1_294' title='bbox 349 4190 419 4249; x_wconf 82' lang='lat' dir='ltr'><strong>Post</strong></span> <span class='ocrx_word' id='word_1_295' title='bbox 441 4192 557 4249; x_wconf 87' lang='lat' dir='ltr'><strong>Aeneas</strong></span> <span class='ocrx_word' id='word_1_296' title='bbox 580 4190 643 4249; x_wconf 80' lang='lat' dir='ltr'><strong>dist.</strong></span> <span class='ocrx_word' id='word_1_297' title='bbox 668 4190 707 4246; x_wconf 79' lang='lat' dir='ltr'><strong><em>M</em></strong></span> <span class='ocrx_word' id='word_1_298' title='bbox 795 4190 858 4250; x_wconf 89' lang='grc'><strong>897</strong></span> <span class='ocrx_word' id='word_1_299' title='bbox 883 4186 975 4264; x_wconf 90' lang='lat' dir='ltr'><strong>nunc]</strong></span> <span class='ocrx_word' id='word_1_300' title='bbox 1000 4191 1047 4248; x_wconf 87' lang='lat' dir='ltr'><strong>est</strong></span> <span class='ocrx_word' id='word_1_301' title='bbox 1076 4188 1240 4249; x_wconf 67' lang='lat' dir='ltr'><strong>Victorinus</strong></span> 
     </span>
    </p>
   </div>
   <div class='ocr_carea' id='block_1_8' title="bbox 138 4269 1284 4399">
    <p class='ocr_par' dir='ltr' id='par_1_21' title="bbox 138 4269 1284 4399">
     <span class='ocr_line' id='line_1_36' title="bbox 138 4269 1284 4399; baseline 0.001 -62"><span class='ocrx_word' id='word_1_302' title='bbox 138 4280 317 4338; x_wconf 85' lang='lat' dir='ltr'><strong>Mezzcntius</strong></span> <span class='ocrx_word' id='word_1_303' title='bbox 341 4280 406 4353; x_wconf 69' lang='lat' dir='ltr'><strong>teuit</strong></span> <span class='ocrx_word' id='word_1_304' title='bbox 434 4279 599 4339; x_wconf 77' lang='lat' dir='ltr'><strong>Victorinus</strong></span> <span class='ocrx_word' id='word_1_305' title='bbox 664 4277 703 4336; x_wconf 86' lang='lat' dir='ltr'><strong>ad</strong></span> <span class='ocrx_word' id='word_1_306' title='bbox 725 4277 812 4337; x_wconf 86' lang='lat' dir='ltr'><strong>illac</strong></span> <span class='ocrx_word' id='word_1_307' title='bbox 875 4280 939 4339; x_wconf 88' lang='grc'><strong>898</strong></span> <span class='ocrx_word' id='word_1_308' title='bbox 963 4277 1018 4335; x_wconf 86' lang='lat' dir='ltr'><strong>VT</strong></span> <span class='ocrx_word' id='word_1_309' title='bbox 1042 4269 1235 4399; x_wconf 57' lang='lat' dir='ltr'><strong>(vorinams&#39;)</strong></span> <span class='ocrx_word' id='word_1_310' title='bbox 1255 4280 1284 4338; x_wconf 87' lang='lat' dir='ltr'><em>R</em></span> 
     </span>
    </p>
   </div>
   <div class='ocr_carea' id='block_1_9' title="bbox 136 4363 1244 4501">
    <p class='ocr_par' dir='ltr' id='par_1_22' title="bbox 136 4363 1244 4501">
     <span class='ocr_line' id='line_1_37' title="bbox 136 4363 1244 4501; baseline 0.001 -20"><span class='ocrx_word' id='word_1_311' title='bbox 136 4363 190 4481; x_wconf 61' lang='lat' dir='ltr'><strong>VT</strong></span> <span class='ocrx_word' id='word_1_312' title='bbox 209 4423 250 4480; x_wconf 81' lang='lat' dir='ltr'><strong><em>M</em></strong></span> <span class='ocrx_word' id='word_1_313' title='bbox 268 4420 345 4479; x_wconf 55' lang='grc' dir='ltr'>30οΤ</span> <span class='ocrx_word' id='word_1_314' title='bbox 363 4421 393 4480; x_wconf 90' lang='lat' dir='ltr'><em>P</em></span> <span class='ocrx_word' id='word_1_315' title='bbox 412 4423 444 4499; x_wconf 75' lang='lat' dir='ltr'><strong>ir,</strong></span> <span class='ocrx_word' id='word_1_316' title='bbox 467 4419 501 4480; x_wconf 78' lang='grc'><strong>07</strong></span> <span class='ocrx_word' id='word_1_317' title='bbox 524 4423 561 4481; x_wconf 93' lang='lat' dir='ltr'><strong>ut</strong></span> <span class='ocrx_word' id='word_1_318' title='bbox 582 4444 601 4501; x_wconf 73' lang='lat' dir='ltr'><em>y</em></span> <span class='ocrx_word' id='word_1_319' title='bbox 623 4424 659 4480; x_wconf 94' lang='lat' dir='ltr'><strong>ut</strong></span> <span class='ocrx_word' id='word_1_320' title='bbox 680 4419 800 4481; x_wconf 76' lang='lat' dir='ltr'><strong>Seruius</strong></span> <span class='ocrx_word' id='word_1_321' title='bbox 822 4421 888 4496; x_wconf 77' lang='lat' dir='ltr'><strong>lepit</strong></span> <span class='ocrx_word' id='word_1_322' title='bbox 982 4421 1046 4481; x_wconf 90' lang='grc'><strong>904</strong></span> <span class='ocrx_word' id='word_1_323' title='bbox 1070 4418 1185 4479; x_wconf 75' lang='lat' dir='ltr'><strong>Anus.</strong></span> <span class='ocrx_word' id='word_1_324' title='bbox 1202 4423 1244 4482; x_wconf 79' lang='lat' dir='ltr'><strong><em>M</em></strong></span> 
     </span>
    </p>
   </div>
   <div class='ocr_carea' id='block_1_10' title="bbox 0 0 1533 4966">
    <p class='ocr_par' dir='ltr' id='par_1_23' title="bbox 0 0 1533 4966">
     <span class='ocr_line' id='line_1_38' title="bbox 0 0 1533 4966; baseline 0 0"><span class='ocrx_word' id='word_1_325' title='bbox 0 0 1533 4966; x_wconf 95' lang='lat' dir='ltr'><strong> </strong></span> 
     </span>
    </p>
   </div>
  </div>
 </body>
</html>
