3006 4972
249 333 311 397 166
602 331 749 387 vaasml
768 330 979 389 GEORGIGON
999 335 1037 388 III

312 518 384 559 cum
408 496 489 560 furit
512 489 609 580 atque
633 501 722 561 artus
746 496 928 581 depascitur
951 496 1040 562 arida
1061 497 1175 585 febris,

313 603 436 686 profuit
460 604 607 668 incensos
630 608 739 670 aestus
763 609 905 670 avertere
928 609 961 671 et
983 605 1068 669 inter

314 709 379 773 ima
402 710 497 774 ferire
520 711 609 796 pedis
634 711 800 777 salientem
824 713 981 798 sanguine
1003 734 1126 799 venam,
1339 733 1394 782 460

316 816 459 882 Bisaltae
482 840 546 901 quo
570 841 659 884 more
683 820 788 884 solent
812 842 945 904 acerque
970 817 1127 905 Gelonus,

315 946 387 987 cum
409 924 494 1010 fugit
517 926 552 990 in
574 926 755 1011 Rhodopen
777 932 873 1012 atquc
897 928 931 990 ln
954 927 1080 991 deserta
1102 925 1256 992 Getarum

314 1035 346 1095 et
368 1031 417 1096 lac
440 1038 624 1099 concretum
646 1057 719 1099 cum
742 1034 898 1120 sanguine
921 1038 1013 1118 potat
1037 1034 1162 1118 equine.

316 1162 413 1223 quam
435 1140 547 1224 procul
571 1144 627 1205 aut
651 1142 741 1206 molli
765 1140 931 1206 succedere
954 1141 1081 1225 saepius
1105 1142 1238 1206 umbrae
1292 1190 1294 1194 -

315 1246 433 1311 videris
457 1252 512 1312 aut
536 1270 677 1312 summas
701 1253 884 1333 carpentem
907 1248 1056 1333 ignavius
1079 1248 1195 1313 herbas
1344 1267 1396 1316 466

315 1359 554 1439 extremamque
577 1356 668 1440 sequi
692 1360 748 1421 aut
770 1357 875 1420 medio
898 1356 1108 1440 procumbere
1131 1378 1243 1440 campo

315 1466 499 1544 pascentem
522 1465 554 1526 et
578 1484 665 1526 serae
689 1462 791 1527 solam
814 1462 962 1528 desedere
984 1463 1087 1550 nocti,

317 1568 470 1632 continuo
494 1568 621 1652 culpam
643 1569 728 1632 ferro
752 1591 916 1653 compesce
939 1570 1029 1652 prius
1054 1592 1150 1654 quam

198 1665 203 1675 ’
319 1675 388 1739 dira
411 1698 468 1759 per
491 1676 655 1739 incautum
679 1681 810 1760 serpant
833 1677 982 1761 contagia
1005 1676 1129 1761 volgus.

317 1785 473 1847 nontam
496 1782 605 1846 creber
629 1803 726 1868 agens
748 1782 886 1847 hiemem
909 1783 976 1847 ruit
1000 1805 1137 1866 aequore
1160 1783 1271 1869 turbo,
1342 1799 1397 1848 470

318 1911 414 1972 quam
437 1889 558 1955 multae
580 1889 737 1973 pecudum
759 1895 874 1974 pestes.
921 1912 979 1954 nec
1001 1890 1130 1975 singula
1153 1891 1257 1954 morbi

190 2002 203 2025 ⁶
319 2017 453 2079 corpora
477 1996 669 2082 corripiunt,
692 2000 741 2060 set
764 2000 835 2060 tota
859 1997 980 2060 aestiva
1003 2000 1149 2083 repente,

320 2124 471 2187 spemque
490 2124 684 2188 gregemque
703 2103 799 2167 simul
822 2107 1032 2188 cunctamque
1055 2103 1096 2168 ab
1116 2104 1240 2190 origine
1259 2109 1397 2190 gentem.

320 2213 389 2273 tum
413 2208 507 2295 sciat,
530 2210 632 2273 atrias
656 2208 749 2293 Alpis
773 2215 805 2274 et
828 2208 948 2275 Norica
971 2210 1072 2295 siquis

320 2314 450 2379 castella
473 2316 508 2380 in
530 2316 664 2380 tumulis
689 2320 720 2380 et
743 2315 872 2401 Iapydis
897 2339 974 2381 arva
997 2317 1122 2381 Timavi
1345 2334 1398 2382 476

342 2491 510 2528 neormam.
548 2478 601 2527 458
622 2474 719 2540 ‘atque
735 2518 740 2528 .
757 2517 763 2528 .
779 2516 784 2527 .
800 2472 900 2527 febris'
922 2475 1033 2528 Servius
1048 2474 1117 2528 Aen,
1132 2473 1224 2527 [1215
1296 2479 1348 2527 459
1358 2493 1400 2542 sq.

254 2544 410 2601 Columella
424 2545 459 2599 de
474 2562 494 2599 r.
510 2563 531 2600 r.
547 2544 598 2598 VII
613 2549 638 2613 5,
654 2549 687 2597 10
759 2550 901 2600 461-463
921 2546 1017 2599 ‘acer.
1034 2589 1039 2601 .
1056 2544 1169 2613 equino’
1191 2544 1278 2599 schol.
1292 2544 1400 2600 Lucani

251 2617 290 2672 III
311 2622 363 2671 283
453 2622 503 2670 461
532 2615 566 2671 cf.
590 2615 697 2669 Probus
717 2615 833 2683 64‚1K.
924 2622 976 2670 466
1003 2621 1073 2670 Acro
1097 2617 1126 2670 et
1151 2616 1306 2685 Porphyrio
1331 2617 1398 2672 Hor.

254 2706 338 2744 carm.
358 2689 396 2742 Ill
416 2692 441 2757 4,
456 2693 491 2741 34
580 2691 632 2740 468
643 2705 683 2755 sq.
709 2686 882 2756 ‘priusquam
899 2730 904 2742 .
921 2686 1076 2757 ..vulgus’
1105 2686 1327 2754 Nonius30,16

252 2766 304 2814 471
317 2778 357 2829 sq.
379 2760 442 2813 ‘nec
458 2804 463 2815 .
480 2803 486 2814 .
501 2803 507 2814 .
523 2760 649 2828 repente'
675 2758 866 2827 Philargyrius
890 2776 933 2827 ge.
954 2758 992 2812 III
1012 2764 1045 2812 76
1134 2763 1186 2811 476
1208 2758 1269 2812 ‘sed
1284 2800 1291 2813 .
1307 2802 1312 2813 .
1329 2803 1336 2815 .
1355 2777 1396 2813 re-

254 2833 350 2902 penta‘
373 2831 484 2885 Servius
502 2833 570 2886 Aen.
586 2830 638 2884 XII
657 2835 708 2883 719
798 2835 901 2898 47466.
922 2828 1033 2883 Servius
1051 2829 1120 2885 Aen.
1140 2829 1177 2882 XI
1196 2833 1248 2884 247
1277 2831 1318 2884 ‘et
1338 2875 1343 2886 .
1364 2874 1370 2886 .
1391 2875 1397 2885 .

255 2903 385 2957 castella'
402 2904 472 2955 Acro
487 2902 552 2956 Hor.
569 2919 652 2960 carm.
674 2903 682 2954 l
704 2907 746 2969 16,
762 2906 777 2954 9
850 2906 903 2954 474
923 2900 1026 2954 ‘aerias
1041 2902 1085 2955 Δ.’
1110 2899 1231 2955 isidorus
1246 2901 1315 2971 orig.
1333 2901 1397 2956 XIV

257 2981 330 3042 7,18
350 2973 435 3028 schol.
456 2972 561 3027 Lucani
580 2974 592 3026 I
612 2979 662 3026 183
682 2969 686 2977 ’
735 2976 788 3025 475
806 2971 841 3026 cf.
860 2972 967 3026 Probus
987 2977 1030 3042 64,
1045 2971 1105 3025 3K.

344 3125 439 3167 varra
470 3123 591 3165 nacrro.
639 3107 702 3165 459
726 3105 860 3164 intensos
875 3106 1015 3164 Heinsius
1089 3106 1150 3163 461
1178 3102 1404 3165 GELONOSP

323 3199 387 3257 462
417 3195 499 3254 AUT
523 3196 562 3252 M
663 3196 727 3255 463
759 3213 826 3252 cum
855 3212 950 3273 cm.y
1058 3196 1122 3253 464
1149 3193 1264 3252 HAUD
1286 3195 1315 3253 P

257 3302 403 3363 nouare
426 3302 486 3360 Pel
602 3302 665 3360 aaa
695 3301 746 3358 ar
770 3292 842 3382 (ru
865 3292 942 3381 ap.)
962 3298 1001 3358 n
1088 3278 1324 3379 enarrarre
1356 3295 1401 3382 (n

257 3387 335 3470 sap.)
352 3393 390 3448 M
490 3387 660 3448 SIIGNIVS
683 3390 712 3449 R
743 3390 882 3467 ignavius
905 3389 1024 3448 taccias
1136 3391 1199 3450 466
1225 3388 1399 3450 CONCVM·

257 3481 363 3541 BERE
383 3480 410 3536 P
430 3478 624 3554 procumbere
642 3480 725 3538 schol.
745 3480 837 3537 Bcrsa
873 3538 878 3548 ,
928 3480 991 3538 467
1013 3476 1109 3552 serae]
1131 3480 1250 3557 suerey
1274 3480 1400 3539 SAEPE

258 3567 419 3641 (Pam
434 3586 506 3627 corr.
521 3560 651 3646 661616
764 3561 958 3644 epascentem,
989 3586 1076 3643 saepe
1104 3562 1287 3643 pascentem’
1315 3570 1400 3628 schol,

257 3661 358 3726 Bora,
381 3662 414 3715 al
432 3659 555 3729 sortasse
578 3675 665 3731 saepe
689 3659 720 3715 et
741 3661 882 3730 scriptam
909 3660 999 3730 suerit
1074 3674 1158 3715 serae
1173 3703 1179 3715 .
1196 3699 1204 3715 .
1219 3705 1225 3717 .
1241 3659 1333 3717 nocti:
1364 3661 1400 3732 cf.

241 3751 305 3809 ccl.
321 3747 396 3805 VIII
416 3748 457 3805 88
526 3748 589 3805 469
615 3745 840 3804 SERPVN'IP
904 3747 969 3805 470
993 3749 1029 3818 cf.
1044 3747 1119 3818 prol.
1140 3748 1181 3804 52
1257 3745 1398 3821 hiemem]

258 3838 392 3896 imbreb
465 3833 657 3904 AEQVORA
680 3836 746 3914 Ryl
840 3838 902 3895 471
928 3836 1113 3912 pecodumy
1204 3836 1268 3895 474
1294 3835 1400 3895 TUNC

259 3929 303 4004 M,
331 3927 449 3984 Servius
475 3925 521 3983 hic
544 3929 569 3982 ct
591 3925 664 3983 Aca
689 3925 731 3983 XI
756 3926 817 3984 247
932 3923 1059 3982 ALPIIS
1084 3924 1202 4001 Mltybc
1300 3923 1353 3982 UT
1378 3927 1406 3982 P

259 4017 353 4075 autb
381 4067 384 4077 .
443 4017 505 4073 475
531 4013 693 4073 IAPYDIS
712 4015 761 4089 M,
789 4014 911 4079 Probus,
935 4017 1055 4072 testatur
1077 4011 1197 4073 Servius
1221 4015 1306 4072 ettam
1325 4014 1400 4072 Aea.

259 4105 302 4165 XI
327 4107 387 4163 247
401 4135 406 4143 ·
420 4102 583 4162 IAPYGIS
615 4104 699 4179 PRy,
739 4103 823 4161 schol.
856 4103 960 4168 Bora,
998 4119 1174 4174 cicomacum
1210 4106 1283 4160 recte
1315 4105 1402 4161 iater-

254 4199 418 4268 prctaalcr.
452 4185 732 4267 ‘Iapid1s...mulc
755 4192 873 4263 quidam
896 4189 1009 4266 lapigio
1032 4184 1145 4263 lcyunt’
1177 4190 1295 4249 Servius
1318 4190 1403 4268 iapy-

259 4284 306 4342 dis
326 4277 385 4358 (dis
402 4286 433 4341 io
451 4272 561 4361 ras.)b
639 4278 753 4336 ARMA
776 4280 805 4336 R
828 4271 955 4359 arua(u
974 4296 1078 4338 ccorr.
1098 4272 1220 4358 ataid.)
1240 4303 1257 4357 y
1281 4299 1402 4340 ar..ua

261 4377 294 4432 61
322 4371 403 4433 Oea
422 4372 465 4428 P:
488 4371 523 4442 cs.
543 4366 616 4426 Aea.
636 4367 651 4426 I
672 4369 733 4426 245
