3000 4958
728 374 829 430 cinis.

282 541 377 606 aeriis
401 540 510 625 potius
535 539 705 604 sublimem
729 538 862 603 sustulit
886 538 956 625 alis,

283 651 368 711 esset
391 651 428 711 ut
452 647 486 710 in
509 646 603 710 terris
627 646 704 710 facti
728 646 766 710 de
788 645 919 709 nomine
942 645 1027 731 ciris,

283 754 357 819 ciris
380 753 553 838 Amyclaeo
577 753 750 817 formosior
774 773 886 816 ansere
908 751 1020 816 Ledae.

283 861 336 925 hic
359 861 448 925 velut
471 861 505 923 in
528 861 632 946 niveo,
654 864 765 923 tenera
788 864 838 924 est
861 881 932 924 cum
956 860 1117 947 primitae,
1141 884 1202 925 ovo

284 968 406 1053 effigies
431 967 604 1032 animantia
628 971 660 1031 et
683 967 865 1031 internodia
888 967 1041 1031 membris

284 1077 460 1161 inperfecta
482 1096 567 1138 novo
592 1072 722 1138 fluitant
745 1078 894 1138 concreta
916 1074 1034 1140 calore:

284 1184 330 1248 sic
351 1182 475 1266 liquido
499 1179 623 1264 Scyllae
646 1181 875 1245 circumfusum
899 1204 1035 1266 aequore
1058 1205 1174 1268 corpus

237 1372 240 1385 .
285 1290 425 1355 semiferi
448 1287 580 1351 incertis
604 1287 702 1351 etiam
724 1310 809 1352 nnnc
831 1288 979 1371 partibus
1004 1293 1093 1354 artus

207 1398 247 1452 ψ’
263 1397 425 1481 ,undiquc
448 1395 618 1460 mutabant
642 1398 738 1478 atque
761 1394 901 1480 undique
924 1397 1142 1461 mutabantur.

249 1480 253 1507 ί
286 1505 351 1569 oris
374 1504 478 1567 honos
501 1501 642 1586 primum
666 1504 698 1565 et
721 1500 833 1565 multis
858 1506 970 1585 optata
992 1501 1109 1567 labella

285 1617 317 1676 et
340 1610 468 1695 patulae
491 1608 609 1673 frontis
633 1608 754 1692 species
778 1630 977 1674 concrescere
1001 1610 1036 1674 in
1059 1634 1158 1675 unum

285 1740 417 1802 coepere
441 1721 472 1781 et
496 1716 608 1802 gracili
631 1720 775 1779 mentum
799 1716 972 1800 producere
995 1722 1116 1803 rostr03

285 1830 355 1890 tum
379 1845 495 1909 quase
518 1823 658 1887 medium
681 1822 796 1906 capitis
819 1822 990 1892 discrimen
1013 1825 1140 1911 agebat,
1184 1887 1188 1894 ,
1211 1828 1215 1834 ’
1282 1868 1286 1876 -

287 1953 356 1997 ecce
379 1934 510 2015 repente
533 1930 622 1993 velut
644 1929 768 2014 patrios
792 1930 938 1994 imitatus
960 1931 1100 1996 honores

286 2040 454 2124 puniceam
476 2037 639 2102 concussit
663 2058 743 2121 apex
756 2038 801 2101 ‘in
823 2037 942 2129 vertice
966 2039 1111 2125 cristam3

286 2152 319 2212 at
342 2145 449 2210 mollis
473 2145 580 2209 varios
603 2145 750 2208 intexens
772 2144 883 2228 pluma
904 2146 1029 2210 'colores

286 2275 500 2319 marmoreum
525 2226 647 2315 voiucri
670 2251 802 2315 vestivit
824 2251 965 2337 tegmine
988 2275 1115 2340 corpus,

285 2363 436 2444 lentaque
459 2362 630 2443 perpetuas
654 2357 806 2422 fuderunt
829 2359 979 2423 bracchia
1001 2360 1125 2444 pinnas,

285 2470 358 2534 inde
381 2467 460 2532 alias
484 2469 593 2550 partes
616 2464 780 2548 minioque
802 2465 921 2530 infecta
943 2467 1072 2532 rubenti

286 2597 379 2640 crura
401 2595 484 2638 nova
507 2572 623 2637 macies
648 2571 783 2636 obduxit
807 2572 954 2656 squalida
976 2575 1059 2658 pelle

285 2680 476 2766 etpedibus
500 2679 618 2745 teneris
642 2700 766 2765 ungues
791 2679 903 2744 adfixit
926 2686 1044 2747 acutos.

286 2794 318 2853 et
341 2793 449 2853 tamen
471 2786 532 2851 hoc
556 2787 683 2850 demum
707 2786 842 2850 miserae
865 2809 1047 2853 succurrere
1069 2794 1163 2874 pacto

286 2897 339 2960 vix
363 2897 467 2959 fuerat
490 2894 615 2979 placida
638 2893 783 2979 Neptuni
807 2895 943 2980 coniuge
966 2891 1107 2982 dignum.

285 3025 460 3089 numquam
483 3001 572 3066 illam
595 3001 771 3085 posthaec
794 3001 878 3066 oculi
902 3003 1007 3067 videre
1031 3026 1162 3069 suorum
1257 3071 1261 3077 ,

289 3131 465 3195 purpureas
489 3109 571 3174 flavo
596 3109 788 3174 retinentem
811 3109 929 3173 vertice
953 3111 1061 3196 vittas,

308 3351 372 3410 487
398 3349 592 3409 subliment)
668 3350 730 3408 489
756 3349 936 3433 Amyclaeas
959 3350 1101 3410 Heinsius
1179 3353 1246 3412 490
1267 3359 1377 3414 tenera

219 3444 266 3500 est
288 3440 440 3514 Honorius
462 3442 547 3497 tener
570 3441 617 3497 est
636 3437 695 3495 An
723 3441 841 3497 teneres
860 3431 888 3519 (s
912 3432 980 3520 dcl.)
1005 3440 1040 3497 H
1059 3443 1160 3500 tenere
1181 3442 1242 3500 BL
1304 3465 1377 3520 pro-

219 3566 302 3624 tinus
321 3565 351 3623 L
427 3565 491 3623 494
516 3562 607 3621 etiarn
630 3565 697 3621 turn
719 3562 851 3638 sillictus
925 3567 989 3624 495
1009 3534 1215 3642 mutabiintur,
1239 3583 1315 3627 corr.
1335 3589 1377 3630 m.

219 3654 318 3716 cadem
332 3654 361 3712 B
380 3652 580 3711 mutabuntur
593 3653 629 3709 H
648 3654 824 3713 mutabatur
842 3654 870 3711 L
939 3656 1003 3713 496
1024 3657 1055 3712 et
1072 3673 1126 3715 om.
1146 3656 1174 3712 L
1233 3657 1327 3716 multi
1343 3661 1375 3718 B

292 3746 354 3804 499
376 3736 500 3819 quase]
521 3741 650 3817 quasin
674 3743 746 3819 quia
769 3762 799 3801 se
814 3744 843 3801 L
912 3744 975 3803 500
994 3761 1105 3819 paruos
1119 3744 1148 3801 L
1209 3747 1272 3804 501
1298 3767 1376 3824 pur·

219 3853 344 3910 puream
362 3833 391 3890 L
491 3832 554 3890 502
579 3830 692 3907 mollis]
717 3832 857 3891 membris
876 3834 904 3891 L
996 3834 1058 3893 503
1075 3820 1248 3892 Mansuram
1264 3836 1294 3893 L

221 3926 285 3985 504
313 3921 479 3980 funderunt
502 3920 606 3979 BHR:
639 3921 823 3981 fundebant?
935 3922 1046 3998 pinnas
1065 3923 1096 3981 B
1122 3941 1236 3999 pennas
1256 3946 1281 3984 or

222 4051 285 4110 506
310 4067 388 4107 noua
410 4045 522 4105 macies
541 4068 560 4104 α
582 4065 750 4124 nouamque
774 4007 841 4108 accis
860 4047 890 4105 B
917 4066 1056 4125 nouamq·
1079 4048 1142 4107 scie
1161 4049 1194 4105 H
1222 4068 1374 4129 nouamq3
1490 4103 1495 4114 .

220 4139 313 4198 aciem
333 4136 361 4196 Α
385 4155 527 4213 nouemq:
556 4136 649 4194 aciem
671 4138 697 4194 L
724 4137 866 4214 nouatiqa
890 4136 984 4196 aciem
1004 4137 1033 4195 R
1055 4156 1163 4198 novam
1182 4139 1296 4200 macies
1314 4141 1376 4201 Sil-

221 4229 308 4303 liyius
368 4226 462 4309 *pelle
485 4228 589 4300 cerami
611 4226 691 4301 pelle
707 4228 767 4285 BR
789 4228 898 4302 pellam
919 4228 954 4285 H
972 4226 1061 4302 pellis
1080 4228 1109 4286 L
1132 4226 1206 4303 pelli
1224 4227 1376 4298 Pittacum,

215 4319 300 4391 prob.
322 4316 531 4375 Lactmcanas
549 4317 637 4374 Lacr.
657 4319 768 4389 14495
861 4317 923 4377 507
949 4315 1078 4391 pellibus
1097 4317 1132 4375 H
1196 4319 1320 4378 teneros
1341 4322 1379 4379 Η

220 4410 285 4467 ml
358 4407 420 4465 509
438 4405 553 4480 placide
564 4404 624 4463 An
693 4407 756 4465 510
770 4405 896 4465 illumB
942 4408 1009 4482 post
1024 4407 1117 4465 hacL
1186 4409 1248 4466 511
1267 4410 1304 4482 cs.
1317 4408 1375 4469 Oa·
